2340 3874
829 221 991 259 Liras
1039 222 1089 270 1,
1139 220 1301 258 ’rimis
1349 221 1400 261 x.
2007 204 2082 260 85

129 325 255 403 jure
295 326 534 384 facturos
577 346 670 380 eos
722 327 816 401 qui
861 322 1026 398 hujus
1049 336 1053 370 ῑ
1075 340 1129 378 et
1163 327 1487 379 neanmoins
1514 324 1546 378 il
1577 338 1656 380 est
1691 324 1815 400 plus
1846 325 2086 380 honnete

134 405 284 459 modi
320 406 522 481 nuptiis
547 402 933 458 abstinuerint.
1074 416 1127 456 et
1154 401 1282 476 plus
1310 400 1448 475 legal
1474 401 1543 456 de
1562 423 1633 456 ne
1658 424 1757 478 pas
1778 418 2090 458 contracter

1074 481 1143 535 de
1169 478 1501 534 semblables
1540 500 1725 535 noces,

217 572 307 619 10.
337 558 476 615 [llud
496 572 707 613 certum
729 572 826 623 est,
855 562 1023 612 servi-
1048 552 1052 637 ξ
1157 568 1246 614 10.
1275 557 1315 610 Il
1339 571 1420 612 est
1438 560 1644 612 certain
1661 579 1769 634 que
1796 558 1842 612 la
1862 563 2090 633 parente

134 639 215 695 les
241 657 463 716 quoque
485 639 838 712 cognationes
862 639 933 690 im
945 657 1024 711 pe-
1048 646 1052 689 ἔ
1076 637 1272 690 servile
1295 637 1471 690 forme
1496 637 1644 690 aussi
1666 637 2093 711 empechement

136 718 380 772 dimento
407 717 611 789 nuptiis
637 733 756 767 esse
777 758 788 779 ,
816 717 858 767 si
887 715 1024 768 forte
1048 742 1050 750 2
1073 735 1182 768 aux
1204 734 1395 781 noces;
1422 734 1519 787 par
1536 714 1808 788 exemple,
1833 715 2019 790 quand
2044 716 2093 770 le

135 808 292 870 pater
313 808 366 848 et
386 793 516 859 filia,
540 807 637 847 aut
662 792 832 845 frater
858 808 910 846 et
938 813 1025 846 so·
1072 796 1207 868 pere
1242 808 1295 847 et
1327 791 1379 845 la
1412 791 1544 856 fille,
1585 813 1654 846 on
1691 793 1745 846 le
1771 793 1912 847 frere
1948 809 2002 847 et
2039 794 2089 848 la

135 893 224 927 ror
243 873 567 926 manumissi
594 872 812 924 fuerint.
1046 871 1051 934 l
1074 891 1222 924 soeur
1247 886 1339 925 ont
1367 873 1451 925 ete
1473 869 1791 925 affranchiS.

213 963 301 1005 11.
349 952 482 1004 Sunt
526 964 580 1003 et
617 947 738 1002 aliae
781 968 1024 1022 persona)
1152 963 1242 1005 11.
1290 950 1331 1003 ll
1359 966 1441 1002 est
1471 969 1673 1003 encore
1696 947 1935 1005 d'autres
1963 971 2088 1027 per-

132 1048 258 1106 quae
277 1027 759 1104 propterdiversas
786 1029 1022 1081 rationes
1072 1047 1276 1081 sonnes
1318 1041 1470 1081 entre
1508 1028 1599 1102 qui
1641 1026 1718 1081 les
1759 1048 1925 1083 noces
1962 1045 2086 1083 sont

131 1110 352 1183 nuptias
368 1105 695 1161 contrahere
722 1104 1018 1178 probiben-
1072 1105 1364 1180 prohibees
1398 1125 1539 1180 pour
1578 1104 1862 1160 differents
1902 1109 2088 1163 motifs

132 1199 240 1251 tur,
264 1205 401 1260 quas
420 1188 476 1238 in
501 1183 652 1238 libris
668 1187 1020 1258 Digestorum
1043 1157 1047 1243 l
1069 1203 1176 1258 que
1203 1204 1343 1238 nous
1372 1203 1545 1237 avons
1572 1186 1779 1258 permis
1802 1183 2089 1240 d'enume-

134 1283 229 1317 seu
280 1261 682 1317 pandectarum
733 1282 798 1315 ex
854 1264 1021 1316 veteri
1043 1252 1048 1363 3
1071 1281 1158 1315 rer
1203 1263 1379 1337 parmi
1417 1260 1496 1314 les
1539 1260 1716 1335 regies
1748 1261 1816 1315 de
1853 1261 2085 1317 l'ancien

127 1339 252 1416 jure
299 1339 657 1395 collectarum
709 1342 1020 1394 enumerari
1045 1339 1213 1432 {droit
1235 1354 1539 1394 contenues
1556 1361 1624 1393 au
1650 1339 1849 1394 recueil
1868 1341 2087 1396 intitule

134 1420 503 1494 permisimus.
1045 1433 1049 1489 ξ
1071 1421 1292 1492 Digeste
1316 1439 1384 1472 ou
1414 1417 1730 1471 pandectes.

215 1505 302 1549 12.
356 1497 404 1550 Si
463 1494 727 1549 adversus
778 1516 839 1549 ea
896 1517 1020 1571 quae
1046 1492 1050 1521 ³
1152 1506 1241 1549 12.
1265 1494 1570 1571 Lorsqu'on
1593 1494 1760 1550 s'unit
1778 1517 1845 1551 en
1871 1512 2086 1552 contra-

135 1573 393 1638 diximus,
429 1571 595 1649 aliqui
631 1575 885 1638 coierint,
921 1594 1022 1627 nec
1044 1539 1050 1650 l
1072 1576 1295 1627 vention
1314 1595 1421 1627 aux
1446 1572 1622 1647 regles
1644 1575 2026 1649 precedentes,
2051 1577 2082 1630 il

134 1653 232 1716 vir,
257 1651 358 1703 nec
376 1671 534 1714 uxor,
559 1671 659 1704 nee
677 1653 1021 1724 nuptiae,nec
1043 1654 1049 1733 j
1072 1650 1160 1726 n’y
1181 1671 1212 1704 a
1234 1654 1288 1704 ni
1309 1653 1463 1716 mari,
1493 1655 1545 1704 ni
1570 1655 1795 1727 e'pouse,
1821 1656 1872 1708 ni
1899 1675 2082 1718 noces,

131 1729 577 1792 matrimonium,
604 1747 707 1782 nec
739 1727 839 1782 dos
865 1729 1021 1782 intel·
1071 1730 1124 1780 ni
1147 1733 1413 1804 mariage,
1435 1731 1485 1781 ni
1512 1729 1633 1783 dot:
1654 1728 1729 1784 les
1746 1732 1964 1786 enfants
1984 1736 2083 1788 nes

135 1803 333 1878 ligitur.
381 1809 572 1880 Itaque
611 1806 654 1857 ii
703 1807 798 1881 qui
843 1826 907 1859 ex
955 1827 1019 1861 eo
1067 1803 1136 1859 de
1151 1826 1538 1861 cecomnierce
1557 1823 1763 1862 nesunt
1779 1812 1934 1883 point
1950 1831 2082 1865 sous

134 1884 283 1936 coitu
315 1897 637 1948 nascuntur,
669 1883 723 1936 in
749 1898 1017 1958 potestate
1068 1882 1117 1937 la
1147 1886 1440 1958 puissance
1465 1885 1539 1938 du
1566 1888 1724 1959 pere,
1753 1886 1818 1941 ils
1844 1903 1971 1941 sont
1995 1909 2081 1943 as-

46 2021 57 2031 )
132 1962 302 2035 patris
317 1980 426 2014 non
446 1975 599 2026 sunt3
618 1960 715 2015 sed
737 1961 872 2015 tales
892 1980 1018 2017 sunt
1068 1962 1295 2028 simileS,
1313 1983 1379 2017 en
1397 1984 1459 2017 ce
1478 1965 1571 2038 qui
1588 1983 1860 2018 concerne
1878 1964 1925 2018 la
1941 1969 2085 2040 puis-

132 2043 426 2114 (quantnm
467 2038 532 2091 ad
570 2042 806 2114 patriam
840 2057 1017 2116 potes·
1069 2060 1232 2094 sance
1250 2042 1696 2116 paternelle‚aux
1719 2043 1938 2098 enfants
1958 2065 2084 2099 con·

131 2128 299 2170 tatem
322 2119 595 2191 pertinet),
620 2118 809 2193 quales
834 2135 962 2174 sunt
986 2122 1016 2174 ii
1068 2139 1167 2187 cus
1194 2118 1334 2173 dans
1360 2119 1410 2173 la
1436 2122 1812 2195 prostitution.
1832 2126 1911 2176 Eu
1935 2123 2084 2187 estet,

131 2213 270 2270 quos
313 2210 489 2248 mater
521 2195 687 2270 vulgo
721 2201 976 2272 concepit
1005 2220 1013 2250 :
1070 2217 1160 2251 ces
1192 2197 1436 2252 ‹lerniers
1467 2213 1591 2252 sont
1627 2202 1852 2273 reputes
1880 2199 2086 2256 n'avoir

131 2292 257 2326 nam
310 2293 410 2327 nec
460 2272 510 2326 hi
558 2288 771 2349 patrem
815 2274 1018 2331 habere
1068 2276 1311 2350 pointde
1333 2281 1478 2351 pere,
1499 2296 1665 2351 parce
1685 2298 1794 2352 que
1814 2278 1934 2333 leur
1955 2284 2087 2355 pere

132 2351 541 2425 intelliguntur,
589 2373 713 2406 cum
762 2356 806 2407 is
852 2357 1016 2408 etiam
1041 2356 1045 2425 3
1068 2367 1150 2407 est
1165 2356 1447 2408 incertain.
1470 2354 1950 2431 Anssilesappelle
1971 2373 2084 2413 t·on

87 2453 90 2455 “
129 2433 535 2501 paterincertus
552 2445 650 2483 est.
667 2435 707 2484 U
723 2433 827 2485 uile
842 2433 1020 2487 solent
1042 2433 1046 2497 ξ
1070 2431 1266 2506 Spurii,
1288 2453 1348 2485 ce
1372 2434 1463 2508 qui
1490 2433 1721 2506 signifie,
1748 2438 1851 2488 soit
1870 2434 2084 2511 d'apres

129 2509 298 2580 spurii
325 2507 595 2585 appellari
623 2553 632 2572 ,
670 2508 752 2562 vel
782 2531 810 2561 a
840 2530 1017 2583 graeca
1042 2508 1045 2566 l
1069 2508 1119 2562 le
1146 2525 1256 2563 mot
1283 2512 1523 2577 σποραδην,
1546 2511 1763 2565 enfants
1782 2532 1990 2586 concus
2013 2536 2084 2568 au

130 2604 262 2639 voce
292 2590 450 2662 quasi
477 2588 693 2652 σποραδην
729 2592 979 2663 concepti
1006 2634 1015 2652 ‚
1040 2571 1044 2639 l
1069 2586 1270 2641 hasard
1289 2633 1300 2652 ‚
1328 2592 1432 2642 soit
1457 2589 1683 2642 ent-ants
1709 2610 1836 2644 sans
1861 2594 2010 2666 pere.
2043 2593 2082 2646 ll

131 2662 211 2715 vel
250 2669 404 2739 quasi
437 2667 554 2719 sine
585 2680 738 2740 patre
775 2665 887 2718 lilii.
923 2670 1015 2721 Se·
1038 2642 1044 2749 l
1066 2667 1177 2719 suit
1201 2665 1267 2720 de
1303 2667 1354 2719 la
1380 2663 1638 2742 qu'aprEs
1677 2667 1723 2720 la
1751 2666 2081 2724 dissolutioni

127 2742 317 2816 quitur
342 2763 472 2818 ergo
493 2788 504 2808 ‚
538 2758 596 2797 ut
622 2743 896 2798 dissoluto
928 2744 1015 2798 tali
1066 2742 1230 2798 d’une
1259 2744 1482 2819 pareille
1508 2747 1708 2810 uuion,
1740 2745 1774 2799 il
1806 2746 1895 2824 n'y
1923 2769 1953 2802 a
1983 2770 2080 2824 pas

127 2821 274 2872 coitu
315 2841 419 2876 nec
451 2821 593 2876 dotis
629 2824 897 2875 exactioni
934 2822 1013 2877 lo·
1066 2821 1173 2875 lieu
1201 2821 1437 2897 d'exiger
1462 2821 1510 2875 la
1533 2821 1647 2876 dot.

126 2916 226 2950 cus
251 2912 336 2951 sit.

193 3029 216 3053 ³*
238 3031 321 3087 Qui
359 3040 507 3081 autem
550 3035 795 3094 prohibitas
836 3035 1014 3094 nuptias
1129 3035 1248 3082 Ceux
1283 3036 1359 3094 qui
1385 3041 1666 3081 contractent
1695 3036 1775 3082 des
1811 3050 1945 3084 noces
1970 3053 2078 3100 pro-

127 3094 151 3120 *
171 3101 635 3157 contrahunt,etalias
658 3115 813 3161 poenas
832 3103 1010 3160 patiun-
1063 3101 1218 3149 hibees
1243 3102 1472 3148 subissent
1503 3115 1663 3148 encore
1699 3102 1899 3150 d’autres
1924 3108 2080 3165 peines

126 3161 257 3219 *tun
307 3182 409 3227 quae
442 3169 582 3215 sacris
621 3170 1013 3215 constitutionibus
1062 3170 1326 3216 enumerees
1346 3168 1459 3213 dans
1490 3168 1554 3214 les
1588 3170 1906 3218 constitutions
1931 3173 2079 3233 impe-

126 3230 152 3255 *
175 3235 477 3282 continentur.
1034 3267 1038 3284 .
1061 3236 1212 3283 riales.

205 3366 293 3412 13.
331 3356 642 3433 Aliquando
675 3370 859 3410 autem
892 3378 1009 3411 eve·
1143 3367 1232 3412 13.
1259 3360 1364 3410 Les
1385 3356 1603 3412 enfants
1626 3360 1746 3434 qui,
1775 3363 1806 3411 a
1833 3356 2076 3414 l'instant

126 3434 222 3498 nit,
243 3449 303 3487 ut
324 3434 588 3511 libet-iqui
613 3436 793 3488 statim
817 3447 878 3488 ut
901 3437 1010 3489 nati
1062 3436 1128 3488 de
1164 3434 1281 3487 leur
1310 3436 1617 3502 naissance‚
1651 3455 1721 3490 ne
1754 3450 1879 3490 sont
1917 3439 2074 3511 point

130 3526 272 3578 sunt,
309 3515 363 3566 in
398 3527 668 3588 potestate
695 3515 1009 3587 parentium
1062 3514 1269 3567 soumis
1299 3518 1326 3567 a
1353 3512 1401 3566 la
1425 3516 1719 3588 pitissance
1746 3515 2069 3588 patei-nelle.
