<?xml version="1.0" encoding="UTF-8"?>
<!DOCTYPE html PUBLIC "-//W3C//DTD XHTML 1.0 Transitional//EN"
    "http://www.w3.org/TR/xhtml1/DTD/xhtml1-transitional.dtd">
<html xmlns="http://www.w3.org/1999/xhtml" xml:lang="en" lang="en">
 <head>
  <title>
</title>
<meta http-equiv="Content-Type" content="text/html;charset=utf-8" />
  <meta name='ocr-system' content='tesseract 3.04.00' />
  <meta name='ocr-capabilities' content='ocr_page ocr_carea ocr_par ocr_line ocrx_word'/>
</head>
<body>
  <div class='ocr_page' id='page_1' title='image "./institutesdejust00ducauoft_0239.png"; bbox 0 0 2346 3952; ppageno 0'>
   <div class='ocr_carea' id='block_1_1' title="bbox 200 2387 1112 2450">
    <p class='ocr_par' dir='ltr' id='par_1_1' title="bbox 200 2387 1112 2450">
     <span class='ocr_line' id='line_1_1' title="bbox 200 2387 1112 2450; baseline 0.004 -16"><span class='ocrx_word' id='word_1_1' title='bbox 200 2438 208 2446; x_wconf 50' lang='lat'>,</span> <span class='ocrx_word' id='word_1_2' title='bbox 285 2387 373 2435; x_wconf 88' lang='lat' dir='ltr'>Sed</span> <span class='ocrx_word' id='word_1_3' title='bbox 409 2388 701 2450; x_wconf 77' lang='lat' dir='ltr'>posteriorem</span> <span class='ocrx_word' id='word_1_4' title='bbox 734 2391 1003 2443; x_wconf 83' lang='lat' dir='ltr'>sententiam</span> <span class='ocrx_word' id='word_1_5' title='bbox 1029 2405 1112 2438; x_wconf 88' lang='lat' dir='ltr'>nos</span> 
     </span>
    </p>
   </div>
   <div class='ocr_carea' id='block_1_2' title="bbox 187 2525 908 2584">
    <p class='ocr_par' dir='ltr' id='par_1_2' title="bbox 187 2525 908 2584">
     <span class='ocr_line' id='line_1_2' title="bbox 187 2525 908 2584; baseline 0.004 -16"><span class='ocrx_word' id='word_1_6' title='bbox 187 2530 190 2532; x_wconf 82' lang='grc'><strong>’</strong></span> <span class='ocrx_word' id='word_1_7' title='bbox 221 2527 411 2583; x_wconf 76' lang='lat' dir='ltr'>possunt.</span> <span class='ocrx_word' id='word_1_8' title='bbox 435 2529 484 2568; x_wconf 89' lang='lat' dir='ltr'>ut</span> <span class='ocrx_word' id='word_1_9' title='bbox 507 2536 605 2569; x_wconf 81' lang='lat' dir='ltr'>eam</span> <span class='ocrx_word' id='word_1_10' title='bbox 628 2537 717 2569; x_wconf 91' lang='lat' dir='ltr'>non</span> <span class='ocrx_word' id='word_1_11' title='bbox 742 2525 908 2584; x_wconf 80' lang='lat' dir='ltr'>capias.</span> 
     </span>
    </p>
   </div>
   <div class='ocr_carea' id='block_1_3' title="bbox 202 2806 1112 2886">
    <p class='ocr_par' dir='ltr' id='par_1_3' title="bbox 202 2806 1112 2886">
     <span class='ocr_line' id='line_1_3' title="bbox 202 2806 1112 2886; baseline 0.005 -26"><span class='ocrx_word' id='word_1_12' title='bbox 202 2851 205 2853; x_wconf 90' lang='lat'>.</span> <span class='ocrx_word' id='word_1_13' title='bbox 227 2820 322 2860; x_wconf 80' lang='lat' dir='ltr'>tua</span> <span class='ocrx_word' id='word_1_14' title='bbox 340 2806 712 2875; x_wconf 74' lang='lat' dir='ltr'>consederint,</span> <span class='ocrx_word' id='word_1_15' title='bbox 741 2822 1041 2886; x_wconf 78' lang='lat' dir='ltr'>autequam</span> <span class='ocrx_word' id='word_1_16' title='bbox 1083 2833 1112 2865; x_wconf 82' lang='lat' dir='ltr'>a</span> 
     </span>
    </p>
   </div>
   <div class='ocr_carea' id='block_1_4' title="bbox 188 2962 1114 3040">
    <p class='ocr_par' dir='ltr' id='par_1_4' title="bbox 188 2962 1114 3040">
     <span class='ocr_line' id='line_1_4' title="bbox 188 2962 1114 3040; baseline 0.01 -26"><span class='ocrx_word' id='word_1_17' title='bbox 188 2962 306 3035; x_wconf 72' lang='lat' dir='ltr'>:gis</span> <span class='ocrx_word' id='word_1_18' title='bbox 365 2976 477 3020; x_wconf 73' lang='lat' dir='ltr'>tuae</span> <span class='ocrx_word' id='word_1_19' title='bbox 532 2964 915 3040; x_wconf 71' lang='lat' dir='ltr'>intelliguntur</span> <span class='ocrx_word' id='word_1_20' title='bbox 962 2988 1114 3037; x_wconf 85' lang='lat' dir='ltr'>esse,</span> 
     </span>
    </p>
   </div>
   <div class='ocr_carea' id='block_1_5' title="bbox 200 3355 1116 3512">
    <p class='ocr_par' dir='ltr' id='par_1_5' title="bbox 200 3355 1116 3512">
     <span class='ocr_line' id='line_1_5' title="bbox 205 3355 1116 3437; baseline 0.009 -33"><span class='ocrx_word' id='word_1_21' title='bbox 205 3356 340 3426; x_wconf 76' lang='lat' dir='ltr'>-&#39;que</span> <span class='ocrx_word' id='word_1_22' title='bbox 361 3355 405 3409; x_wconf 90' lang='lat' dir='ltr'>si</span> <span class='ocrx_word' id='word_1_23' title='bbox 430 3375 570 3431; x_wconf 89' lang='lat' dir='ltr'>quos</span> <span class='ocrx_word' id='word_1_24' title='bbox 606 3358 909 3426; x_wconf 72' lang='lat' dir='ltr'>effecerint,</span> <span class='ocrx_word' id='word_1_25' title='bbox 951 3362 1116 3437; x_wconf 60' lang='lat' dir='ltr'>quili-</span> 
     </span>
     <span class='ocr_line' id='line_1_6' title="bbox 200 3427 1114 3512; baseline 0.014 -30"><span class='ocrx_word' id='word_1_26' title='bbox 200 3462 204 3465; x_wconf 57' lang='lat'><strong>&lt;</strong></span> <span class='ocrx_word' id='word_1_27' title='bbox 234 3427 329 3484; x_wconf 83' lang='lat' dir='ltr'>bet.</span> <span class='ocrx_word' id='word_1_28' title='bbox 346 3434 585 3491; x_wconf 81' lang='lat' dir='ltr'>eximere</span> <span class='ocrx_word' id='word_1_29' title='bbox 607 3450 804 3512; x_wconf 84' lang='lat' dir='ltr'>potest.</span> <span class='ocrx_word' id='word_1_30' title='bbox 838 3438 1005 3510; x_wconf 78' lang='lat' dir='ltr'>Plane</span> <span class='ocrx_word' id='word_1_31' title='bbox 1028 3442 1114 3494; x_wconf 82' lang='lat' dir='ltr'>in·</span> 
     </span>
    </p>
   </div>
   <div class='ocr_carea' id='block_1_6' title="bbox 877 151 2130 232">
    <p class='ocr_par' dir='ltr' id='par_1_6' title="bbox 877 151 2130 232">
     <span class='ocr_line' id='line_1_7' title="bbox 877 151 2130 232; baseline -0.002 -9"><span class='ocrx_word' id='word_1_32' title='bbox 877 180 1041 229; x_wconf 57' lang='lat' dir='ltr'>§.IVRE</span> <span class='ocrx_word' id='word_1_33' title='bbox 1086 151 1155 232; x_wconf 76' lang='lat' dir='ltr'>ii,</span> <span class='ocrx_word' id='word_1_34' title='bbox 1206 180 1368 223; x_wconf 74' lang='lat' dir='ltr'>TrrRE</span> <span class='ocrx_word' id='word_1_35' title='bbox 1416 181 1474 223; x_wconf 62' lang='lat'>§.2</span> <span class='ocrx_word' id='word_1_36' title='bbox 1538 181 1543 186; x_wconf 86' lang='lat'><strong>·</strong></span> <span class='ocrx_word' id='word_1_37' title='bbox 2013 159 2130 220; x_wconf 42' lang='grc' dir='ltr'>μ211</span> 
     </span>
    </p>
   </div>
   <div class='ocr_carea' id='block_1_7' title="bbox 186 272 2181 2332">
    <p class='ocr_par' dir='ltr' id='par_1_7' title="bbox 186 272 2166 1307">
     <span class='ocr_line' id='line_1_8' title="bbox 186 272 2139 368; baseline -0.003 -21"><span class='ocrx_word' id='word_1_38' title='bbox 186 294 400 368; x_wconf 72' lang='lat' dir='ltr'>ceperis</span> <span class='ocrx_word' id='word_1_39' title='bbox 422 334 435 358; x_wconf 95' lang='lat'>‚</span> <span class='ocrx_word' id='word_1_40' title='bbox 486 308 730 367; x_wconf 77' lang='lat' dir='ltr'>eousque</span> <span class='ocrx_word' id='word_1_41' title='bbox 763 272 922 342; x_wconf 75' lang='lat' dir='ltr'>tuum</span> <span class='ocrx_word' id='word_1_42' title='bbox 953 307 1073 342; x_wconf 84' lang='lat' dir='ltr'>esse</span> <span class='ocrx_word' id='word_1_43' title='bbox 1123 286 1238 341; x_wconf 87' lang='lat' dir='ltr'>dire</span> <span class='ocrx_word' id='word_1_44' title='bbox 1262 283 1887 341; x_wconf 64' lang='lat' dir='ltr'>l&#39;entree.&#39;l¹outauiu1al</span> <span class='ocrx_word' id='word_1_45' title='bbox 1906 288 2016 362; x_wconf 82' lang='lat' dir='ltr'>pris</span> <span class='ocrx_word' id='word_1_46' title='bbox 2041 306 2139 360; x_wconf 75' lang='lat' dir='ltr'>par</span> 
     </span>
     <span class='ocr_line' id='line_1_9' title="bbox 186 363 2140 444; baseline -0.003 -18"><span class='ocrx_word' id='word_1_47' title='bbox 186 369 526 444; x_wconf 69' lang='lat' dir='ltr'>intelligitur,</span> <span class='ocrx_word' id='word_1_48' title='bbox 558 367 736 424; x_wconf 83' lang='lat' dir='ltr'>donec</span> <span class='ocrx_word' id='word_1_49' title='bbox 762 381 861 422; x_wconf 85' lang='lat' dir='ltr'>tua</span> <span class='ocrx_word' id='word_1_50' title='bbox 889 381 1073 421; x_wconf 87' lang='lat' dir='ltr'>custo-</span> <span class='ocrx_word' id='word_1_51' title='bbox 1126 385 1266 426; x_wconf 81' lang='lat' dir='ltr'>vous</span> <span class='ocrx_word' id='word_1_52' title='bbox 1282 367 1546 421; x_wconf 80' lang='lat' dir='ltr'>continue</span> <span class='ocrx_word' id='word_1_53' title='bbox 1568 363 1637 418; x_wconf 88' lang='lat' dir='ltr'>de</span> <span class='ocrx_word' id='word_1_54' title='bbox 1660 385 1797 419; x_wconf 77' lang='lat' dir='ltr'>vous</span> <span class='ocrx_word' id='word_1_55' title='bbox 1819 366 2140 440; x_wconf 70' lang='lat' dir='ltr'>appan-tenir</span> 
     </span>
     <span class='ocr_line' id='line_1_10' title="bbox 188 443 2141 520; baseline -0.004 -15"><span class='ocrx_word' id='word_1_56' title='bbox 188 449 278 516; x_wconf 79' lang='lat' dir='ltr'>dia</span> <span class='ocrx_word' id='word_1_57' title='bbox 299 461 582 504; x_wconf 74' lang='lat' dir='ltr'>coercetur</span> <span class='ocrx_word' id='word_1_58' title='bbox 604 466 768 514; x_wconf 52' lang='lat' dir='ltr'>,cum</span> <span class='ocrx_word' id='word_1_59' title='bbox 796 465 926 500; x_wconf 86' lang='lat' dir='ltr'>vero</span> <span class='ocrx_word' id='word_1_60' title='bbox 957 466 1077 503; x_wconf 74' lang='lat' dir='ltr'>eva-</span> <span class='ocrx_word' id='word_1_61' title='bbox 1131 459 1248 505; x_wconf 78' lang='lat' dir='ltr'>tant</span> <span class='ocrx_word' id='word_1_62' title='bbox 1280 464 1388 520; x_wconf 86' lang='lat' dir='ltr'>que</span> <span class='ocrx_word' id='word_1_63' title='bbox 1422 463 1560 498; x_wconf 85' lang='lat' dir='ltr'>vous</span> <span class='ocrx_word' id='word_1_64' title='bbox 1594 443 1644 496; x_wconf 92' lang='lat' dir='ltr'>le</span> <span class='ocrx_word' id='word_1_65' title='bbox 1679 458 1837 497; x_wconf 87' lang='lat' dir='ltr'>tenez</span> <span class='ocrx_word' id='word_1_66' title='bbox 1878 464 1946 497; x_wconf 86' lang='lat' dir='ltr'>en</span> <span class='ocrx_word' id='word_1_67' title='bbox 1987 461 2141 498; x_wconf 83' lang='lat' dir='ltr'>votre</span> 
     </span>
     <span class='ocr_line' id='line_1_11' title="bbox 188 520 2143 599; baseline -0.004 -16"><span class='ocrx_word' id='word_1_68' title='bbox 188 531 326 584; x_wconf 83' lang='lat' dir='ltr'>serit</span> <span class='ocrx_word' id='word_1_69' title='bbox 359 525 664 589; x_wconf 75' lang='lat' dir='ltr'>custodiam</span> <span class='ocrx_word' id='word_1_70' title='bbox 701 538 888 590; x_wconf 41' lang='lat' dir='ltr'>tuame</span> <span class='ocrx_word' id='word_1_71' title='bbox 928 538 980 578; x_wconf 91' lang='lat' dir='ltr'>et</span> <span class='ocrx_word' id='word_1_72' title='bbox 1023 526 1077 578; x_wconf 89' lang='lat' dir='ltr'>iu</span> <span class='ocrx_word' id='word_1_73' title='bbox 1129 525 1390 599; x_wconf 76' lang='lat' dir='ltr'>pouvoir3</span> <span class='ocrx_word' id='word_1_74' title='bbox 1423 523 1590 584; x_wconf 79' lang='lat' dir='ltr'>maiS,</span> <span class='ocrx_word' id='word_1_75' title='bbox 1622 520 1699 575; x_wconf 89' lang='lat' dir='ltr'>s&#39;il</span> <span class='ocrx_word' id='word_1_76' title='bbox 1727 542 1864 574; x_wconf 78' lang='lat' dir='ltr'>vous</span> <span class='ocrx_word' id='word_1_77' title='bbox 1890 521 2143 598; x_wconf 71' lang='lat' dir='ltr'>echappe</span> 
     </span>
     <span class='ocr_line' id='line_1_12' title="bbox 191 599 2144 668; baseline -0.004 -6"><span class='ocrx_word' id='word_1_78' title='bbox 191 603 501 664; x_wconf 77' lang='lat' dir='ltr'>naturalem</span> <span class='ocrx_word' id='word_1_79' title='bbox 524 603 832 658; x_wconf 80' lang='lat' dir='ltr'>libertatem</span> <span class='ocrx_word' id='word_1_80' title='bbox 854 621 912 656; x_wconf 94' lang='lat' dir='ltr'>se</span> <span class='ocrx_word' id='word_1_81' title='bbox 936 622 1079 656; x_wconf 89' lang='lat' dir='ltr'>rece·</span> <span class='ocrx_word' id='word_1_82' title='bbox 1131 616 1183 659; x_wconf 84' lang='lat' dir='ltr'>et</span> <span class='ocrx_word' id='word_1_83' title='bbox 1205 617 1389 657; x_wconf 86' lang='lat' dir='ltr'>reutre</span> <span class='ocrx_word' id='word_1_84' title='bbox 1406 599 1547 655; x_wconf 75' lang='lat' dir='ltr'>dans</span> <span class='ocrx_word' id='word_1_85' title='bbox 1562 620 1622 654; x_wconf 79' lang='lat' dir='ltr'>sa</span> <span class='ocrx_word' id='word_1_86' title='bbox 1641 599 1838 654; x_wconf 77' lang='lat' dir='ltr'>liberte</span> <span class='ocrx_word' id='word_1_87' title='bbox 1857 602 2144 668; x_wconf 80' lang='lat' dir='ltr'>naturelle,</span> 
     </span>
     <span class='ocr_line' id='line_1_13' title="bbox 194 678 2151 763; baseline -0.004 -22"><span class='ocrx_word' id='word_1_88' title='bbox 194 687 355 763; x_wconf 85' lang='lat' dir='ltr'>perit,</span> <span class='ocrx_word' id='word_1_89' title='bbox 400 697 558 738; x_wconf 87' lang='lat' dir='ltr'>tuum</span> <span class='ocrx_word' id='word_1_90' title='bbox 595 701 715 735; x_wconf 89' lang='lat' dir='ltr'>esse</span> <span class='ocrx_word' id='word_1_91' title='bbox 756 680 958 735; x_wconf 87' lang='lat' dir='ltr'>desinit</span> <span class='ocrx_word' id='word_1_92' title='bbox 978 725 991 747; x_wconf 93' lang='lat'>,</span> <span class='ocrx_word' id='word_1_93' title='bbox 1031 697 1084 735; x_wconf 88' lang='lat' dir='ltr'>ct</span> <span class='ocrx_word' id='word_1_94' title='bbox 1134 681 1167 735; x_wconf 88' lang='lat' dir='ltr'>il</span> <span class='ocrx_word' id='word_1_95' title='bbox 1194 700 1348 735; x_wconf 87' lang='lat' dir='ltr'>cesse</span> <span class='ocrx_word' id='word_1_96' title='bbox 1374 678 1441 734; x_wconf 84' lang='lat' dir='ltr'>de</span> <span class='ocrx_word' id='word_1_97' title='bbox 1470 699 1606 735; x_wconf 78' lang='lat' dir='ltr'>vous</span> <span class='ocrx_word' id='word_1_98' title='bbox 1627 682 1949 755; x_wconf 78' lang='lat' dir='ltr'>appartenir</span> <span class='ocrx_word' id='word_1_99' title='bbox 1967 724 1979 746; x_wconf 94' lang='lat'>,</span> <span class='ocrx_word' id='word_1_100' title='bbox 2005 701 2151 756; x_wconf 87' lang='lat' dir='ltr'>pour</span> 
     </span>
     <span class='ocr_line' id='line_1_14' title="bbox 196 758 2155 834; baseline -0.002 -17"><span class='ocrx_word' id='word_1_101' title='bbox 196 782 394 829; x_wconf 77' lang='lat' dir='ltr'>rursus</span> <span class='ocrx_word' id='word_1_102' title='bbox 412 761 735 834; x_wconf 81' lang='lat' dir='ltr'>occupantis</span> <span class='ocrx_word' id='word_1_103' title='bbox 761 762 835 813; x_wconf 75' lang='lat' dir='ltr'>ht.</span> <span class='ocrx_word' id='word_1_104' title='bbox 859 764 1084 814; x_wconf 75' lang='lat' dir='ltr'>Natura·</span> <span class='ocrx_word' id='word_1_105' title='bbox 1134 764 1247 814; x_wconf 77' lang='lat' dir='ltr'>etre</span> <span class='ocrx_word' id='word_1_106' title='bbox 1281 759 1350 813; x_wconf 88' lang='lat' dir='ltr'>de</span> <span class='ocrx_word' id='word_1_107' title='bbox 1392 778 1650 813; x_wconf 82' lang='lat' dir='ltr'>uouveau</span> <span class='ocrx_word' id='word_1_108' title='bbox 1685 758 1878 834; x_wconf 82' lang='lat' dir='ltr'>aequis</span> <span class='ocrx_word' id='word_1_109' title='bbox 1915 779 1984 812; x_wconf 83' lang='lat' dir='ltr'>au</span> <span class='ocrx_word' id='word_1_110' title='bbox 2024 780 2155 834; x_wconf 86' lang='lat' dir='ltr'>pre·</span> 
     </span>
     <span class='ocr_line' id='line_1_15' title="bbox 195 836 2155 912; baseline -0.003 -14"><span class='ocrx_word' id='word_1_111' title='bbox 195 842 306 898; x_wconf 86' lang='lat' dir='ltr'>lem</span> <span class='ocrx_word' id='word_1_112' title='bbox 319 854 502 897; x_wconf 84' lang='lat' dir='ltr'>autem</span> <span class='ocrx_word' id='word_1_113' title='bbox 520 838 829 893; x_wconf 81' lang='lat' dir='ltr'>libertatem</span> <span class='ocrx_word' id='word_1_114' title='bbox 843 840 1084 912; x_wconf 81' lang='lat' dir='ltr'>recipere</span> <span class='ocrx_word' id='word_1_115' title='bbox 1136 840 1273 895; x_wconf 82' lang='lat' dir='ltr'>mier</span> <span class='ocrx_word' id='word_1_116' title='bbox 1292 850 1588 912; x_wconf 77' lang='lat' dir='ltr'>occupant.</span> <span class='ocrx_word' id='word_1_117' title='bbox 1605 836 1647 890; x_wconf 94' lang='lat' dir='ltr'>Il</span> <span class='ocrx_word' id='word_1_118' title='bbox 1672 850 1753 890; x_wconf 92' lang='lat' dir='ltr'>est</span> <span class='ocrx_word' id='word_1_119' title='bbox 1774 840 1938 892; x_wconf 77' lang='lat' dir='ltr'>oense</span> <span class='ocrx_word' id='word_1_120' title='bbox 1962 857 2155 892; x_wconf 88' lang='lat' dir='ltr'>recou-</span> 
     </span>
     <span class='ocr_line' id='line_1_16' title="bbox 197 914 2156 994; baseline -0.003 -19"><span class='ocrx_word' id='word_1_121' title='bbox 197 918 542 994; x_wconf 80' lang='lat' dir='ltr'>intelligitur,</span> <span class='ocrx_word' id='word_1_122' title='bbox 590 938 714 972; x_wconf 88' lang='lat' dir='ltr'>cum</span> <span class='ocrx_word' id='word_1_123' title='bbox 764 916 851 971; x_wconf 86' lang='lat' dir='ltr'>vel</span> <span class='ocrx_word' id='word_1_124' title='bbox 897 918 1086 975; x_wconf 85' lang='lat' dir='ltr'>oculos</span> <span class='ocrx_word' id='word_1_125' title='bbox 1139 938 1262 972; x_wconf 82' lang='lat' dir='ltr'>vrer</span> <span class='ocrx_word' id='word_1_126' title='bbox 1297 938 1356 972; x_wconf 84' lang='lat' dir='ltr'>sa</span> <span class='ocrx_word' id='word_1_127' title='bbox 1390 916 1585 970; x_wconf 76' lang='lat' dir='ltr'>liberte</span> <span class='ocrx_word' id='word_1_128' title='bbox 1618 914 1894 970; x_wconf 76' lang='lat' dir='ltr'>naturelle</span> <span class='ocrx_word' id='word_1_129' title='bbox 1929 915 2156 994; x_wconf 83' lang='lat' dir='ltr'>lorsque</span> 
     </span>
     <span class='ocr_line' id='line_1_17' title="bbox 198 994 2158 1071; baseline -0.002 -18"><span class='ocrx_word' id='word_1_130' title='bbox 198 1013 322 1054; x_wconf 78' lang='lat' dir='ltr'>tuos</span> <span class='ocrx_word' id='word_1_131' title='bbox 362 996 640 1071; x_wconf 77' lang='lat' dir='ltr'>effugerit,</span> <span class='ocrx_word' id='word_1_132' title='bbox 682 995 768 1051; x_wconf 78' lang='lat' dir='ltr'>vel</span> <span class='ocrx_word' id='word_1_133' title='bbox 804 999 876 1050; x_wconf 78' lang='lat' dir='ltr'>ita</span> <span class='ocrx_word' id='word_1_134' title='bbox 923 998 991 1050; x_wconf 88' lang='lat' dir='ltr'>sit</span> <span class='ocrx_word' id='word_1_135' title='bbox 1034 998 1087 1049; x_wconf 87' lang='lat' dir='ltr'>in</span> <span class='ocrx_word' id='word_1_136' title='bbox 1141 1016 1274 1050; x_wconf 84' lang='lat' dir='ltr'>vous</span> <span class='ocrx_word' id='word_1_137' title='bbox 1319 1015 1504 1050; x_wconf 88' lang='lat' dir='ltr'>cessez</span> <span class='ocrx_word' id='word_1_138' title='bbox 1544 995 1614 1049; x_wconf 77' lang='lat' dir='ltr'>cle</span> <span class='ocrx_word' id='word_1_139' title='bbox 1657 994 2031 1070; x_wconf 79' lang='lat' dir='ltr'>l&#39;apercevoir,</span> <span class='ocrx_word' id='word_1_140' title='bbox 2083 1015 2158 1051; x_wconf 90' lang='lat' dir='ltr'>ou</span> 
     </span>
     <span class='ocr_line' id='line_1_18' title="bbox 199 1072 2159 1151; baseline -0.002 -19"><span class='ocrx_word' id='word_1_141' title='bbox 199 1090 642 1151; x_wconf 79' lang='lat' dir='ltr'>conspectu-tuo,</span> <span class='ocrx_word' id='word_1_142' title='bbox 671 1089 733 1130; x_wconf 89' lang='lat' dir='ltr'>ut</span> <span class='ocrx_word' id='word_1_143' title='bbox 758 1074 998 1136; x_wconf 78' lang='lat' dir='ltr'>difficilis</span> <span class='ocrx_word' id='word_1_144' title='bbox 1023 1076 1092 1131; x_wconf 88' lang='lat' dir='ltr'>sit</span> <span class='ocrx_word' id='word_1_145' title='bbox 1143 1074 1369 1150; x_wconf 80' lang='lat' dir='ltr'>lorsque</span> <span class='ocrx_word' id='word_1_146' title='bbox 1392 1094 1531 1128; x_wconf 82' lang='lat' dir='ltr'>vous</span> <span class='ocrx_word' id='word_1_147' title='bbox 1562 1072 1901 1148; x_wconf 76' lang='lat' dir='ltr'>l&#39;apercevez</span> <span class='ocrx_word' id='word_1_148' title='bbox 1924 1095 2128 1129; x_wconf 84' lang='lat' dir='ltr'>encore</span> <span class='ocrx_word' id='word_1_149' title='bbox 2147 1117 2159 1140; x_wconf 92' lang='lat'>‚</span> 
     </span>
     <span class='ocr_line' id='line_1_19' title="bbox 202 1151 2166 1231; baseline -0.001 -22"><span class='ocrx_word' id='word_1_150' title='bbox 202 1157 322 1231; x_wconf 78' lang='lat' dir='ltr'>ejus</span> <span class='ocrx_word' id='word_1_151' title='bbox 348 1155 684 1230; x_wconf 81' lang='lat' dir='ltr'>persecutio,</span> <span class='ocrx_word' id='word_1_152' title='bbox 1142 1157 1282 1207; x_wconf 78' lang='lat' dir='ltr'>mais</span> <span class='ocrx_word' id='word_1_153' title='bbox 1310 1151 1467 1230; x_wconf 75' lang='lat' dir='ltr'>place&#39;</span> <span class='ocrx_word' id='word_1_154' title='bbox 1501 1152 1570 1206; x_wconf 87' lang='lat' dir='ltr'>de</span> <span class='ocrx_word' id='word_1_155' title='bbox 1596 1155 1844 1207; x_wconf 71' lang='lat' dir='ltr'>mauiere</span> <span class='ocrx_word' id='word_1_156' title='bbox 1866 1158 2033 1208; x_wconf 68' lang='lat' dir='ltr'>ix-etre</span> <span class='ocrx_word' id='word_1_157' title='bbox 2064 1154 2166 1208; x_wconf 74' lang='lat' dir='ltr'>dit-‘-</span> 
     </span>
     <span class='ocr_line' id='line_1_20' title="bbox 1143 1230 2027 1307; baseline -0.003 -20"><span class='ocrx_word' id='word_1_158' title='bbox 1143 1230 1445 1287; x_wconf 86' lang='lat' dir='ltr'>ficilement</span> <span class='ocrx_word' id='word_1_159' title='bbox 1467 1233 1773 1307; x_wconf 82' lang='lat' dir='ltr'>poursuivi.</span> <span class='ocrx_word' id='word_1_160' title='bbox 2022 1240 2027 1246; x_wconf 77' lang='grc'><em>“</em></span> 
     </span>
    </p>

    <p class='ocr_par' dir='ltr' id='par_1_8' title="bbox 1149 1311 2181 2332">
     <span class='ocr_line' id='line_1_21' title="bbox 1227 1311 2168 1386; baseline 0.001 -22"><span class='ocrx_word' id='word_1_161' title='bbox 1227 1319 1318 1366; x_wconf 81' lang='grc'>13.</span> <span class='ocrx_word' id='word_1_162' title='bbox 1354 1314 1438 1365; x_wconf 86' lang='lat' dir='ltr'>On</span> <span class='ocrx_word' id='word_1_163' title='bbox 1474 1331 1505 1363; x_wconf 83' lang='lat' dir='ltr'>a</span> <span class='ocrx_word' id='word_1_164' title='bbox 1536 1314 1641 1364; x_wconf 87' lang='lat' dir='ltr'>mis</span> <span class='ocrx_word' id='word_1_165' title='bbox 1666 1330 1735 1363; x_wconf 90' lang='lat' dir='ltr'>en</span> <span class='ocrx_word' id='word_1_166' title='bbox 1763 1313 2022 1386; x_wconf 85' lang='lat' dir='ltr'>question</span> <span class='ocrx_word' id='word_1_167' title='bbox 2046 1313 2090 1364; x_wconf 89' lang='lat' dir='ltr'>si</span> <span class='ocrx_word' id='word_1_168' title='bbox 2118 1311 2168 1365; x_wconf 83' lang='lat' dir='ltr'>la</span> 
     </span>
     <span class='ocr_line' id='line_1_22' title="bbox 1149 1387 2170 1463; baseline 0.001 -20"><span class='ocrx_word' id='word_1_169' title='bbox 1149 1389 1274 1443; x_wconf 77' lang='lat' dir='ltr'>bete</span> <span class='ocrx_word' id='word_1_170' title='bbox 1299 1407 1561 1463; x_wconf 77' lang='lat' dir='ltr'>sauvage,</span> <span class='ocrx_word' id='word_1_171' title='bbox 1586 1387 1802 1442; x_wconf 74' lang='lat' dir='ltr'>blessee</span> <span class='ocrx_word' id='word_1_172' title='bbox 1832 1388 1900 1443; x_wconf 87' lang='lat' dir='ltr'>de</span> <span class='ocrx_word' id='word_1_173' title='bbox 1925 1392 2170 1444; x_wconf 74' lang='lat' dir='ltr'>inaniere</span> 
     </span>
     <span class='ocr_line' id='line_1_23' title="bbox 1149 1467 2170 1543; baseline 0.001 -21"><span class='ocrx_word' id='word_1_174' title='bbox 1149 1474 1180 1522; x_wconf 72' lang='grc' dir='ltr'>ἐι</span> <span class='ocrx_word' id='word_1_175' title='bbox 1203 1470 1440 1541; x_wconf 87' lang='lat' dir='ltr'>pouvoir</span> <span class='ocrx_word' id='word_1_176' title='bbox 1466 1473 1580 1520; x_wconf 74' lang='lat' dir='ltr'>etre</span> <span class='ocrx_word' id='word_1_177' title='bbox 1603 1469 1770 1543; x_wconf 89' lang='lat' dir='ltr'>prise,</span> <span class='ocrx_word' id='word_1_178' title='bbox 1796 1487 1917 1521; x_wconf 80' lang='lat' dir='ltr'>sera</span> <span class='ocrx_word' id='word_1_179' title='bbox 1940 1467 2036 1523; x_wconf 75' lang='lat' dir='ltr'>des</span> <span class='ocrx_word' id='word_1_180' title='bbox 2059 1469 2170 1523; x_wconf 87' lang='lat' dir='ltr'>lors</span> 
     </span>
     <span class='ocr_line' id='line_1_24' title="bbox 1151 1545 2177 1623; baseline 0.001 -23"><span class='ocrx_word' id='word_1_181' title='bbox 1151 1552 1181 1600; x_wconf 68' lang='grc' dir='ltr'>ἐι</span> <span class='ocrx_word' id='word_1_182' title='bbox 1215 1565 1369 1599; x_wconf 80' lang='lat' dir='ltr'>vous.</span> <span class='ocrx_word' id='word_1_183' title='bbox 1410 1545 1686 1613; x_wconf 71' lang='lat' dir='ltr'>plusieurs</span> <span class='ocrx_word' id='word_1_184' title='bbox 1721 1561 1816 1600; x_wconf 89' lang='lat' dir='ltr'>ont</span> <span class='ocrx_word' id='word_1_185' title='bbox 1841 1546 2038 1623; x_wconf 58' lang='lat' dir='ltr'>adopt&amp;</span> <span class='ocrx_word' id='word_1_186' title='bbox 2068 1547 2177 1601; x_wconf 78' lang='lat' dir='ltr'>l&#39;af·</span> 
     </span>
     <span class='ocr_line' id='line_1_25' title="bbox 1152 1624 2174 1701; baseline 0.001 -23"><span class='ocrx_word' id='word_1_187' title='bbox 1152 1624 1444 1689; x_wconf 77' lang='lat' dir='ltr'>firmative,</span> <span class='ocrx_word' id='word_1_188' title='bbox 1469 1639 1521 1678; x_wconf 87' lang='lat' dir='ltr'>et</span> <span class='ocrx_word' id='word_1_189' title='bbox 1540 1628 1828 1698; x_wconf 75' lang='lat' dir='ltr'>ontpense</span> <span class='ocrx_word' id='word_1_190' title='bbox 1844 1645 1952 1701; x_wconf 88' lang='lat' dir='ltr'>que</span> <span class='ocrx_word' id='word_1_191' title='bbox 1977 1625 2027 1679; x_wconf 77' lang='lat' dir='ltr'>la</span> <span class='ocrx_word' id='word_1_192' title='bbox 2050 1625 2174 1680; x_wconf 76' lang='lat' dir='ltr'>bete</span> 
     </span>
     <span class='ocr_line' id='line_1_26' title="bbox 1154 1701 2179 1779; baseline 0.003 -23"><span class='ocrx_word' id='word_1_193' title='bbox 1154 1705 1418 1757; x_wconf 81' lang='lat' dir='ltr'>continue</span> <span class='ocrx_word' id='word_1_194' title='bbox 1442 1701 1512 1756; x_wconf 89' lang='lat' dir='ltr'>de</span> <span class='ocrx_word' id='word_1_195' title='bbox 1544 1723 1681 1756; x_wconf 84' lang='lat' dir='ltr'>vous</span> <span class='ocrx_word' id='word_1_196' title='bbox 1707 1708 2031 1779; x_wconf 49' lang='lat' dir='ltr'>aJJPai‘teuii·</span> <span class='ocrx_word' id='word_1_197' title='bbox 2059 1719 2179 1759; x_wconf 80' lang='lat' dir='ltr'>taut</span> 
     </span>
     <span class='ocr_line' id='line_1_27' title="bbox 1154 1779 2179 1860; baseline 0.004 -26"><span class='ocrx_word' id='word_1_198' title='bbox 1154 1802 1262 1856; x_wconf 87' lang='lat' dir='ltr'>que</span> <span class='ocrx_word' id='word_1_199' title='bbox 1306 1800 1444 1835; x_wconf 80' lang='lat' dir='ltr'>vous</span> <span class='ocrx_word' id='word_1_200' title='bbox 1491 1779 1543 1834; x_wconf 83' lang='lat' dir='ltr'>la</span> <span class='ocrx_word' id='word_1_201' title='bbox 1584 1786 1942 1856; x_wconf 80' lang='lat' dir='ltr'>poursuivez3</span> <span class='ocrx_word' id='word_1_202' title='bbox 1987 1804 2096 1860; x_wconf 85' lang='lat' dir='ltr'>que</span> <span class='ocrx_word' id='word_1_203' title='bbox 2135 1786 2179 1837; x_wconf 89' lang='lat' dir='ltr'>si</span> 
     </span>
     <span class='ocr_line' id='line_1_28' title="bbox 1155 1858 2179 1935; baseline 0.003 -22"><span class='ocrx_word' id='word_1_204' title='bbox 1155 1879 1293 1914; x_wconf 90' lang='lat' dir='ltr'>vous</span> <span class='ocrx_word' id='word_1_205' title='bbox 1315 1879 1503 1914; x_wconf 88' lang='lat' dir='ltr'>cessez</span> <span class='ocrx_word' id='word_1_206' title='bbox 1528 1858 1597 1913; x_wconf 89' lang='lat' dir='ltr'>de</span> <span class='ocrx_word' id='word_1_207' title='bbox 1621 1858 1672 1913; x_wconf 83' lang='lat' dir='ltr'>la</span> <span class='ocrx_word' id='word_1_208' title='bbox 1696 1864 2045 1935; x_wconf 84' lang='lat' dir='ltr'>poursuivre,</span> <span class='ocrx_word' id='word_1_209' title='bbox 2076 1863 2179 1917; x_wconf 87' lang='lat' dir='ltr'>elle</span> 
     </span>
     <span class='ocr_line' id='line_1_29' title="bbox 1157 1937 2181 2017; baseline 0.003 -25"><span class='ocrx_word' id='word_1_210' title='bbox 1157 1959 1310 1994; x_wconf 87' lang='lat' dir='ltr'>cesse</span> <span class='ocrx_word' id='word_1_211' title='bbox 1358 1937 1427 1992; x_wconf 91' lang='lat' dir='ltr'>de</span> <span class='ocrx_word' id='word_1_212' title='bbox 1471 1958 1608 1993; x_wconf 87' lang='lat' dir='ltr'>vous</span> <span class='ocrx_word' id='word_1_213' title='bbox 1645 1944 1989 2014; x_wconf 78' lang='lat' dir='ltr'>appartenir‚</span> <span class='ocrx_word' id='word_1_214' title='bbox 2034 1962 2181 2017; x_wconf 85' lang='lat' dir='ltr'>pour</span> 
     </span>
     <span class='ocr_line' id='line_1_30' title="bbox 1156 2016 2181 2095; baseline 0.002 -22"><span class='ocrx_word' id='word_1_215' title='bbox 1156 2023 1272 2073; x_wconf 58' lang='lat' dir='ltr'>titre</span> <span class='ocrx_word' id='word_1_216' title='bbox 1302 2016 1370 2071; x_wconf 88' lang='lat' dir='ltr'>de</span> <span class='ocrx_word' id='word_1_217' title='bbox 1404 2037 1661 2072; x_wconf 81' lang='lat' dir='ltr'>nouveau</span> <span class='ocrx_word' id='word_1_218' title='bbox 1694 2022 1920 2095; x_wconf 77' lang='lat' dir='ltr'>acquise</span> <span class='ocrx_word' id='word_1_219' title='bbox 1949 2041 2023 2074; x_wconf 81' lang='lat' dir='ltr'>au</span> <span class='ocrx_word' id='word_1_220' title='bbox 2056 2041 2181 2095; x_wconf 83' lang='lat' dir='ltr'>pre·</span> 
     </span>
     <span class='ocr_line' id='line_1_31' title="bbox 1158 2095 2181 2172; baseline 0.003 -21"><span class='ocrx_word' id='word_1_221' title='bbox 1158 2098 1296 2151; x_wconf 73' lang='lat' dir='ltr'>ulier</span> <span class='ocrx_word' id='word_1_222' title='bbox 1322 2111 1620 2172; x_wconf 70' lang='lat' dir='ltr'>occupant.</span> <span class='ocrx_word' id='word_1_223' title='bbox 1649 2095 1919 2166; x_wconf 80' lang='lat' dir='ltr'>D&#39;autres,</span> <span class='ocrx_word' id='word_1_224' title='bbox 1946 2120 2017 2153; x_wconf 76' lang='lat' dir='ltr'>au</span> <span class='ocrx_word' id='word_1_225' title='bbox 2045 2120 2181 2154; x_wconf 80' lang='lat' dir='ltr'>con-</span> 
     </span>
     <span class='ocr_line' id='line_1_32' title="bbox 1160 2178 2180 2252; baseline 0.003 -23"><span class='ocrx_word' id='word_1_226' title='bbox 1160 2178 1321 2229; x_wconf 83' lang='lat' dir='ltr'>traire</span> <span class='ocrx_word' id='word_1_227' title='bbox 1340 2219 1352 2241; x_wconf 95' lang='lat'>,</span> <span class='ocrx_word' id='word_1_228' title='bbox 1381 2190 1482 2228; x_wconf 90' lang='lat' dir='ltr'>ont</span> <span class='ocrx_word' id='word_1_229' title='bbox 1515 2178 1689 2249; x_wconf 77' lang='lat' dir='ltr'>pense</span> <span class='ocrx_word' id='word_1_230' title='bbox 1719 2197 1855 2252; x_wconf 89' lang='lat' dir='ltr'>que,</span> <span class='ocrx_word' id='word_1_231' title='bbox 1882 2199 2024 2251; x_wconf 78' lang='lat' dir='ltr'>pour</span> <span class='ocrx_word' id='word_1_232' title='bbox 2051 2178 2180 2232; x_wconf 79' lang='lat' dir='ltr'>l&#39;uc-</span> 
     </span>
     <span class='ocr_line' id='line_1_33' title="bbox 1158 2251 1969 2332; baseline 0.004 -24"><span class='ocrx_word' id='word_1_233' title='bbox 1158 2256 1365 2331; x_wconf 74' lang='lat' dir='ltr'>querir,</span> <span class='ocrx_word' id='word_1_234' title='bbox 1393 2251 1429 2306; x_wconf 85' lang='lat' dir='ltr'>il</span> <span class='ocrx_word' id='word_1_235' title='bbox 1450 2253 1570 2308; x_wconf 75' lang='lat' dir='ltr'>faut</span> <span class='ocrx_word' id='word_1_236' title='bbox 1590 2253 1780 2309; x_wconf 71' lang='lat' dir='ltr'>l&#39;avoir</span> <span class='ocrx_word' id='word_1_237' title='bbox 1806 2258 1969 2332; x_wconf 84' lang='lat' dir='ltr'>prise.</span> 
     </span>
    </p>
   </div>
   <div class='ocr_carea' id='block_1_8' title="bbox 1094 484 1147 3073">
    <p class='ocr_par' dir='ltr' id='par_1_9' title="bbox 1094 484 1147 3073">
     <span class='ocr_line' id='line_1_34' title="bbox 1094 484 1116 795; baseline 0 -219"><span class='ocrx_word' id='word_1_238' title='bbox 1094 484 1116 795; x_wconf 95' lang='lat' dir='ltr'>    </span> 
     </span>
     <span class='ocr_line' id='line_1_35' title="bbox 1099 795 1121 1034; baseline 0 -162"><span class='ocrx_word' id='word_1_239' title='bbox 1099 795 1121 1034; x_wconf 95' lang='lat' dir='ltr'>   </span> 
     </span>
     <span class='ocr_line' id='line_1_36' title="bbox 1105 1034 1123 1108; baseline 0 2844"><span class='ocrx_word' id='word_1_240' title='bbox 1105 1034 1123 1108; x_wconf 95' lang='lat' dir='ltr'> </span> 
     </span>
     <span class='ocr_line' id='line_1_37' title="bbox 1106 1108 1142 1349; baseline 0 -160"><span class='ocrx_word' id='word_1_241' title='bbox 1106 1108 1142 1349; x_wconf 95' lang='lat' dir='ltr'>    </span> 
     </span>
     <span class='ocr_line' id='line_1_38' title="bbox 1117 1349 1147 3073; baseline 0 -1492"><span class='ocrx_word' id='word_1_242' title='bbox 1117 1349 1147 3073; x_wconf 95' lang='lat' dir='ltr'>   </span> 
     </span>
    </p>
   </div>
   <div class='ocr_carea' id='block_1_9' title="bbox 207 1309 1106 2172">
    <p class='ocr_par' dir='ltr' id='par_1_10' title="bbox 207 1309 1106 2172">
     <span class='ocr_line' id='line_1_39' title="bbox 284 1309 1094 1387; baseline -0.004 -21"><span class='ocrx_word' id='word_1_243' title='bbox 284 1323 373 1369; x_wconf 78' lang='lat'>13.</span> <span class='ocrx_word' id='word_1_244' title='bbox 406 1309 550 1366; x_wconf 91' lang='lat' dir='ltr'>lllud</span> <span class='ocrx_word' id='word_1_245' title='bbox 575 1313 874 1387; x_wconf 87' lang='lat' dir='ltr'>quaesitum</span> <span class='ocrx_word' id='word_1_246' title='bbox 900 1323 982 1364; x_wconf 90' lang='lat' dir='ltr'>est</span> <span class='ocrx_word' id='word_1_247' title='bbox 1004 1329 1094 1373; x_wconf 87' lang='lat' dir='ltr'>an,</span> 
     </span>
     <span class='ocr_line' id='line_1_40' title="bbox 207 1389 1100 1453; baseline -0.004 -7"><span class='ocrx_word' id='word_1_248' title='bbox 207 1393 253 1447; x_wconf 85' lang='lat' dir='ltr'>si</span> <span class='ocrx_word' id='word_1_249' title='bbox 274 1391 387 1444; x_wconf 81' lang='lat' dir='ltr'>fera</span> <span class='ocrx_word' id='word_1_250' title='bbox 419 1389 592 1443; x_wconf 80' lang='lat' dir='ltr'>bestia</span> <span class='ocrx_word' id='word_1_251' title='bbox 629 1393 698 1443; x_wconf 83' lang='lat' dir='ltr'>ita</span> <span class='ocrx_word' id='word_1_252' title='bbox 723 1389 1007 1453; x_wconf 79' lang='lat' dir='ltr'>vulnerata</span> <span class='ocrx_word' id='word_1_253' title='bbox 1031 1389 1100 1442; x_wconf 91' lang='lat' dir='ltr'>sit</span> 
     </span>
     <span class='ocr_line' id='line_1_41' title="bbox 211 1469 1099 1543; baseline -0.003 -20"><span class='ocrx_word' id='word_1_254' title='bbox 211 1482 272 1524; x_wconf 90' lang='lat' dir='ltr'>ut</span> <span class='ocrx_word' id='word_1_255' title='bbox 291 1470 415 1543; x_wconf 81' lang='lat' dir='ltr'>capi</span> <span class='ocrx_word' id='word_1_256' title='bbox 438 1469 632 1542; x_wconf 84' lang='lat' dir='ltr'>possit,</span> <span class='ocrx_word' id='word_1_257' title='bbox 654 1469 838 1529; x_wconf 84' lang='lat' dir='ltr'>statim</span> <span class='ocrx_word' id='word_1_258' title='bbox 862 1481 955 1520; x_wconf 84' lang='lat' dir='ltr'>tua</span> <span class='ocrx_word' id='word_1_259' title='bbox 982 1485 1099 1520; x_wconf 83' lang='lat' dir='ltr'>esse</span> 
     </span>
     <span class='ocr_line' id='line_1_42' title="bbox 210 1543 1103 1619; baseline -0.004 -18"><span class='ocrx_word' id='word_1_260' title='bbox 210 1545 564 1619; x_wconf 75' lang='lat' dir='ltr'>intelligatur.</span> <span class='ocrx_word' id='word_1_261' title='bbox 594 1543 941 1616; x_wconf 79' lang='lat' dir='ltr'>Quibusdam</span> <span class='ocrx_word' id='word_1_262' title='bbox 986 1544 1103 1619; x_wconf 83' lang='lat' dir='ltr'>pla-</span> 
     </span>
     <span class='ocr_line' id='line_1_43' title="bbox 211 1626 1102 1689; baseline -0.003 -10"><span class='ocrx_word' id='word_1_263' title='bbox 211 1627 323 1679; x_wconf 86' lang='lat' dir='ltr'>cuit</span> <span class='ocrx_word' id='word_1_264' title='bbox 345 1626 527 1679; x_wconf 80' lang='lat' dir='ltr'>statitn</span> <span class='ocrx_word' id='word_1_265' title='bbox 570 1644 688 1678; x_wconf 89' lang='lat' dir='ltr'>esse</span> <span class='ocrx_word' id='word_1_266' title='bbox 722 1639 893 1689; x_wconf 79' lang='lat' dir='ltr'>tuam,</span> <span class='ocrx_word' id='word_1_267' title='bbox 917 1637 969 1677; x_wconf 91' lang='lat' dir='ltr'>et</span> <span class='ocrx_word' id='word_1_268' title='bbox 1012 1643 1102 1676; x_wconf 87' lang='lat' dir='ltr'>eo-</span> 
     </span>
     <span class='ocr_line' id='line_1_44' title="bbox 211 1701 1105 1778; baseline -0.002 -22"><span class='ocrx_word' id='word_1_269' title='bbox 211 1722 390 1778; x_wconf 78' lang='lat' dir='ltr'>usque</span> <span class='ocrx_word' id='word_1_270' title='bbox 412 1716 564 1755; x_wconf 78' lang='lat' dir='ltr'>tuam</span> <span class='ocrx_word' id='word_1_271' title='bbox 593 1702 759 1756; x_wconf 82' lang='lat' dir='ltr'>videri</span> <span class='ocrx_word' id='word_1_272' title='bbox 783 1701 959 1756; x_wconf 87' lang='lat' dir='ltr'>donec</span> <span class='ocrx_word' id='word_1_273' title='bbox 982 1721 1105 1754; x_wconf 79' lang='lat' dir='ltr'>eam</span> 
     </span>
     <span class='ocr_line' id='line_1_45' title="bbox 211 1779 1104 1858; baseline -0.001 -24"><span class='ocrx_word' id='word_1_274' title='bbox 211 1780 594 1858; x_wconf 66' lang='lat' dir='ltr'>persequaris,</span> <span class='ocrx_word' id='word_1_275' title='bbox 627 1779 778 1856; x_wconf 79' lang='lat' dir='ltr'>quod</span> <span class='ocrx_word' id='word_1_276' title='bbox 806 1783 848 1834; x_wconf 87' lang='lat' dir='ltr'>si</span> <span class='ocrx_word' id='word_1_277' title='bbox 877 1779 1104 1834; x_wconf 85' lang='lat' dir='ltr'>desieris</span> 
     </span>
     <span class='ocr_line' id='line_1_46' title="bbox 214 1857 1103 1936; baseline -0.004 -20"><span class='ocrx_word' id='word_1_278' title='bbox 214 1859 490 1936; x_wconf 80' lang='lat' dir='ltr'>persequi,</span> <span class='ocrx_word' id='word_1_279' title='bbox 515 1857 766 1913; x_wconf 83' lang='lat' dir='ltr'>desinere</span> <span class='ocrx_word' id='word_1_280' title='bbox 789 1874 942 1913; x_wconf 75' lang='lat' dir='ltr'>tuum</span> <span class='ocrx_word' id='word_1_281' title='bbox 966 1878 1103 1923; x_wconf 84' lang='lat' dir='ltr'>esse,</span> 
     </span>
     <span class='ocr_line' id='line_1_47' title="bbox 215 1935 1105 2013; baseline -0.002 -21"><span class='ocrx_word' id='word_1_282' title='bbox 215 1951 270 2003; x_wconf 83' lang='lat' dir='ltr'>et</span> <span class='ocrx_word' id='word_1_283' title='bbox 286 1957 479 1998; x_wconf 74' lang='lat' dir='ltr'>rursus</span> <span class='ocrx_word' id='word_1_284' title='bbox 501 1935 619 1992; x_wconf 88' lang='lat' dir='ltr'>fieri</span> <span class='ocrx_word' id='word_1_285' title='bbox 640 1938 979 2013; x_wconf 72' lang='lat' dir='ltr'>occupantis.</span> <span class='ocrx_word' id='word_1_286' title='bbox 1003 1937 1105 1992; x_wconf 85' lang='lat' dir='ltr'>Alii</span> 
     </span>
     <span class='ocr_line' id='line_1_48' title="bbox 218 2014 1106 2091; baseline -0.001 -20"><span class='ocrx_word' id='word_1_287' title='bbox 218 2035 333 2078; x_wconf 74' lang='lat' dir='ltr'>non</span> <span class='ocrx_word' id='word_1_288' title='bbox 375 2014 532 2071; x_wconf 82' lang='lat' dir='ltr'>aliter</span> <span class='ocrx_word' id='word_1_289' title='bbox 577 2030 910 2091; x_wconf 79' lang='lat' dir='ltr'>putaverunt</span> <span class='ocrx_word' id='word_1_290' title='bbox 954 2031 1106 2076; x_wconf 82' lang='lat' dir='ltr'>tuam</span> 
     </span>
     <span class='ocr_line' id='line_1_49' title="bbox 220 2096 1027 2172; baseline -0.001 -22"><span class='ocrx_word' id='word_1_291' title='bbox 220 2112 360 2161; x_wconf 74' lang='lat' dir='ltr'>esse,</span> <span class='ocrx_word' id='word_1_292' title='bbox 382 2114 553 2170; x_wconf 75' lang='lat' dir='ltr'>quain</span> <span class='ocrx_word' id='word_1_293' title='bbox 579 2096 622 2148; x_wconf 91' lang='lat' dir='ltr'>si</span> <span class='ocrx_word' id='word_1_294' title='bbox 647 2115 769 2153; x_wconf 82' lang='lat' dir='ltr'>eam</span> <span class='ocrx_word' id='word_1_295' title='bbox 801 2098 1027 2172; x_wconf 69' lang='lat' dir='ltr'>ceperis</span> 
     </span>
    </p>
   </div>
   <div class='ocr_carea' id='block_1_10' title="bbox 1160 2392 2182 2590">
    <p class='ocr_par' dir='ltr' id='par_1_11' title="bbox 1160 2392 2182 2590">
     <span class='ocr_line' id='line_1_50' title="bbox 1225 2392 2182 2455; baseline 0.005 -16"><span class='ocrx_word' id='word_1_296' title='bbox 1225 2393 1345 2449; x_wconf 86' lang='lat' dir='ltr'>C&#39;est</span> <span class='ocrx_word' id='word_1_297' title='bbox 1371 2407 1422 2440; x_wconf 90' lang='lat' dir='ltr'>ce</span> <span class='ocrx_word' id='word_1_298' title='bbox 1447 2392 1627 2441; x_wconf 89' lang='lat' dir='ltr'>dernier</span> <span class='ocrx_word' id='word_1_299' title='bbox 1652 2395 1746 2441; x_wconf 81' lang='lat' dir='ltr'>avis</span> <span class='ocrx_word' id='word_1_300' title='bbox 1766 2409 1854 2455; x_wconf 89' lang='lat' dir='ltr'>que</span> <span class='ocrx_word' id='word_1_301' title='bbox 1877 2409 1990 2443; x_wconf 90' lang='lat' dir='ltr'>nous</span> <span class='ocrx_word' id='word_1_302' title='bbox 2014 2394 2182 2444; x_wconf 83' lang='lat' dir='ltr'>confir·</span> 
     </span>
     <span class='ocr_line' id='line_1_51' title="bbox 1160 2462 2181 2526; baseline 0.008 -21"><span class='ocrx_word' id='word_1_303' title='bbox 1160 2472 1303 2513; x_wconf 86' lang='lat' dir='ltr'>mons,</span> <span class='ocrx_word' id='word_1_304' title='bbox 1326 2473 1461 2520; x_wconf 79' lang='lat' dir='ltr'>parce</span> <span class='ocrx_word' id='word_1_305' title='bbox 1477 2475 1563 2519; x_wconf 87' lang='lat' dir='ltr'>que</span> <span class='ocrx_word' id='word_1_306' title='bbox 1578 2462 1697 2508; x_wconf 87' lang='lat' dir='ltr'>mille</span> <span class='ocrx_word' id='word_1_307' title='bbox 1715 2463 2048 2511; x_wconf 85' lang='lat' dir='ltr'>circonstances</span> <span class='ocrx_word' id='word_1_308' title='bbox 2067 2479 2153 2526; x_wconf 88' lang='lat' dir='ltr'>peu</span> <span class='ocrx_word' id='word_1_309' title='bbox 2167 2492 2181 2501; x_wconf 91' lang='lat'><strong>·</strong></span> 
     </span>
     <span class='ocr_line' id='line_1_52' title="bbox 1160 2529 2075 2590; baseline 0.007 -18"><span class='ocrx_word' id='word_1_310' title='bbox 1160 2533 1268 2580; x_wconf 71' lang='lat' dir='ltr'>vent</span> <span class='ocrx_word' id='word_1_311' title='bbox 1292 2529 1534 2588; x_wconf 76' lang='lat' dir='ltr'>empecher</span> <span class='ocrx_word' id='word_1_312' title='bbox 1561 2529 1618 2576; x_wconf 86' lang='lat' dir='ltr'>de</span> <span class='ocrx_word' id='word_1_313' title='bbox 1640 2530 1834 2590; x_wconf 85' lang='lat' dir='ltr'>prendre</span> <span class='ocrx_word' id='word_1_314' title='bbox 1859 2530 2075 2583; x_wconf 83' lang='lat' dir='ltr'>l&#39;animal.</span> 
     </span>
    </p>
   </div>
   <div class='ocr_carea' id='block_1_11' title="bbox 220 2446 1113 2523">
    <p class='ocr_par' dir='ltr' id='par_1_12' title="bbox 220 2446 1113 2523">
     <span class='ocr_line' id='line_1_53' title="bbox 220 2446 1113 2523; baseline 0.004 -22"><span class='ocrx_word' id='word_1_315' title='bbox 220 2451 537 2523; x_wconf 71' lang='lat' dir='ltr'>cenfirmamus</span> <span class='ocrx_word' id='word_1_316' title='bbox 556 2492 564 2511; x_wconf 94' lang='lat'>,</span> <span class='ocrx_word' id='word_1_317' title='bbox 580 2451 701 2514; x_wconf 65' lang='lat' dir='ltr'>&#39;quie</span> <span class='ocrx_word' id='word_1_318' title='bbox 734 2458 889 2503; x_wconf 75' lang='lat' dir='ltr'>multa&#39;</span> <span class='ocrx_word' id='word_1_319' title='bbox 908 2446 1113 2505; x_wconf 84' lang='lat' dir='ltr'>accidere</span> 
     </span>
    </p>
   </div>
   <div class='ocr_carea' id='block_1_12' title="bbox 303 2651 1112 2728">
    <p class='ocr_par' dir='ltr' id='par_1_13' title="bbox 303 2651 1112 2728">
     <span class='ocr_line' id='line_1_54' title="bbox 303 2651 1112 2728; baseline 0.009 -27"><span class='ocrx_word' id='word_1_320' title='bbox 303 2651 617 2723; x_wconf 68' lang='lat' dir='ltr'>14.Apiu1n</span> <span class='ocrx_word' id='word_1_321' title='bbox 652 2671 877 2728; x_wconf 82' lang='lat' dir='ltr'>quoque</span> <span class='ocrx_word' id='word_1_322' title='bbox 917 2666 1112 2708; x_wconf 78' lang='lat' dir='ltr'>natura</span> 
     </span>
    </p>
   </div>
   <div class='ocr_carea' id='block_1_13' title="bbox 221 2654 2181 2807">
    <p class='ocr_par' dir='ltr' id='par_1_14' title="bbox 221 2654 2181 2807">
     <span class='ocr_line' id='line_1_55' title="bbox 1242 2654 2181 2715; baseline 0.006 -6"><span class='ocrx_word' id='word_1_323' title='bbox 1242 2665 1331 2715; x_wconf 60' lang='lat' dir='ltr'>ll».</span> <span class='ocrx_word' id='word_1_324' title='bbox 1358 2659 1461 2710; x_wconf 88' lang='lat' dir='ltr'>Les</span> <span class='ocrx_word' id='word_1_325' title='bbox 1487 2654 1712 2710; x_wconf 82' lang='lat' dir='ltr'>abeilles</span> <span class='ocrx_word' id='word_1_326' title='bbox 1735 2672 1861 2712; x_wconf 86' lang='lat' dir='ltr'>sont</span> <span class='ocrx_word' id='word_1_327' title='bbox 1886 2657 2181 2715; x_wconf 81' lang='lat' dir='ltr'>naturelle·</span> 
     </span>
     <span class='ocr_line' id='line_1_56' title="bbox 221 2725 1112 2807; baseline 0.008 -27"><span class='ocrx_word' id='word_1_328' title='bbox 221 2725 334 2781; x_wconf 74' lang='lat' dir='ltr'>fiera</span> <span class='ocrx_word' id='word_1_329' title='bbox 355 2740 453 2781; x_wconf 86' lang='lat' dir='ltr'>est.</span> <span class='ocrx_word' id='word_1_330' title='bbox 480 2732 670 2804; x_wconf 80' lang='lat' dir='ltr'>ltaque</span> <span class='ocrx_word' id='word_1_331' title='bbox 693 2750 819 2807; x_wconf 81' lang='lat' dir='ltr'>quae</span> <span class='ocrx_word' id='word_1_332' title='bbox 842 2732 892 2784; x_wconf 90' lang='lat' dir='ltr'>in</span> <span class='ocrx_word' id='word_1_333' title='bbox 917 2732 1112 2787; x_wconf 81' lang='lat' dir='ltr'>arbore</span> 
     </span>
    </p>
   </div>
   <div class='ocr_carea' id='block_1_14' title="bbox 1162 2737 2183 3605">
    <p class='ocr_par' dir='ltr' id='par_1_15' title="bbox 1162 2737 2183 3605">
     <span class='ocr_line' id='line_1_57' title="bbox 1162 2737 2177 2814; baseline 0.007 -27"><span class='ocrx_word' id='word_1_334' title='bbox 1162 2747 1317 2788; x_wconf 86' lang='lat' dir='ltr'>ment</span> <span class='ocrx_word' id='word_1_335' title='bbox 1357 2753 1644 2809; x_wconf 75' lang='lat' dir='ltr'>sauvages.</span> <span class='ocrx_word' id='word_1_336' title='bbox 1688 2737 1862 2803; x_wconf 87' lang='lat' dir='ltr'>Ainsi,</span> <span class='ocrx_word' id='word_1_337' title='bbox 1903 2753 2018 2792; x_wconf 76' lang='lat' dir='ltr'>tant</span> <span class='ocrx_word' id='word_1_338' title='bbox 2068 2760 2177 2814; x_wconf 88' lang='lat' dir='ltr'>que</span> 
     </span>
     <span class='ocr_line' id='line_1_58' title="bbox 1164 2812 2176 2888; baseline 0.005 -21"><span class='ocrx_word' id='word_1_339' title='bbox 1164 2832 1299 2867; x_wconf 88' lang='lat' dir='ltr'>vous</span> <span class='ocrx_word' id='word_1_340' title='bbox 1345 2812 1568 2868; x_wconf 80' lang='lat' dir='ltr'>n&#39;aurez</span> <span class='ocrx_word' id='word_1_341' title='bbox 1607 2834 1707 2888; x_wconf 85' lang='lat' dir='ltr'>pas</span> <span class='ocrx_word' id='word_1_342' title='bbox 1747 2816 1995 2870; x_wconf 88' lang='lat' dir='ltr'>recueilli</span> <span class='ocrx_word' id='word_1_343' title='bbox 2038 2816 2176 2873; x_wconf 77' lang='lat' dir='ltr'>dans</span> 
     </span>
     <span class='ocr_line' id='line_1_59' title="bbox 1164 2890 2180 2971; baseline 0.006 -26"><span class='ocrx_word' id='word_1_344' title='bbox 1164 2912 1274 2946; x_wconf 87' lang='lat' dir='ltr'>une</span> <span class='ocrx_word' id='word_1_345' title='bbox 1298 2891 1466 2946; x_wconf 87' lang='lat' dir='ltr'>ruche</span> <span class='ocrx_word' id='word_1_346' title='bbox 1489 2890 1727 2947; x_wconf 81' lang='lat' dir='ltr'>l&#39;essaim</span> <span class='ocrx_word' id='word_1_347' title='bbox 1762 2896 1856 2971; x_wconf 91' lang='lat' dir='ltr'>qui</span> <span class='ocrx_word' id='word_1_348' title='bbox 1885 2893 2054 2950; x_wconf 77' lang='lat' dir='ltr'>s&#39;abat</span> <span class='ocrx_word' id='word_1_349' title='bbox 2083 2917 2180 2953; x_wconf 87' lang='lat' dir='ltr'>sur</span> 
     </span>
     <span class='ocr_line' id='line_1_60' title="bbox 1163 2971 2178 3049; baseline 0.005 -25"><span class='ocrx_word' id='word_1_350' title='bbox 1163 2986 1317 3025; x_wconf 87' lang='lat' dir='ltr'>votre</span> <span class='ocrx_word' id='word_1_351' title='bbox 1340 2971 1519 3036; x_wconf 80' lang='lat' dir='ltr'>arbre,</span> <span class='ocrx_word' id='word_1_352' title='bbox 1544 2971 1577 3024; x_wconf 87' lang='lat' dir='ltr'>il</span> <span class='ocrx_word' id='word_1_353' title='bbox 1606 2992 1672 3025; x_wconf 85' lang='lat' dir='ltr'>ue</span> <span class='ocrx_word' id='word_1_354' title='bbox 1700 2993 1836 3027; x_wconf 84' lang='lat' dir='ltr'>vous</span> <span class='ocrx_word' id='word_1_355' title='bbox 1856 2977 2178 3049; x_wconf 65' lang='lat' dir='ltr'>appartien-</span> 
     </span>
     <span class='ocr_line' id='line_1_61' title="bbox 1164 3048 2179 3131; baseline 0.005 -28"><span class='ocrx_word' id='word_1_356' title='bbox 1164 3048 1261 3104; x_wconf 85' lang='lat' dir='ltr'>dra</span> <span class='ocrx_word' id='word_1_357' title='bbox 1287 3070 1386 3126; x_wconf 80' lang='lat' dir='ltr'>pas</span> <span class='ocrx_word' id='word_1_358' title='bbox 1421 3049 1548 3123; x_wconf 81' lang='lat' dir='ltr'>plus</span> <span class='ocrx_word' id='word_1_359' title='bbox 1582 3070 1691 3126; x_wconf 87' lang='lat' dir='ltr'>que</span> <span class='ocrx_word' id='word_1_360' title='bbox 1729 3051 1804 3105; x_wconf 90' lang='lat' dir='ltr'>les</span> <span class='ocrx_word' id='word_1_361' title='bbox 1833 3058 2058 3108; x_wconf 78' lang='lat' dir='ltr'>oiseaux</span> <span class='ocrx_word' id='word_1_362' title='bbox 2083 3059 2179 3131; x_wconf 84' lang='lat' dir='ltr'>qui</span> 
     </span>
     <span class='ocr_line' id='line_1_62' title="bbox 1163 3127 2180 3187; baseline 0.006 -6"><span class='ocrx_word' id='word_1_363' title='bbox 1163 3127 1391 3182; x_wconf 73' lang='lat' dir='ltr'>fernient</span> <span class='ocrx_word' id='word_1_364' title='bbox 1414 3129 1532 3182; x_wconf 83' lang='lat' dir='ltr'>leur</span> <span class='ocrx_word' id='word_1_365' title='bbox 1556 3127 1651 3182; x_wconf 84' lang='lat' dir='ltr'>nid</span> <span class='ocrx_word' id='word_1_366' title='bbox 1676 3150 1771 3184; x_wconf 88' lang='lat' dir='ltr'>sur</span> <span class='ocrx_word' id='word_1_367' title='bbox 1800 3152 1860 3186; x_wconf 84' lang='lat' dir='ltr'>ce</span> <span class='ocrx_word' id='word_1_368' title='bbox 1885 3138 2064 3187; x_wconf 73' lang='lat' dir='ltr'>meme</span> <span class='ocrx_word' id='word_1_369' title='bbox 2088 3153 2180 3186; x_wconf 82' lang='lat' dir='ltr'>ar·-</span> 
     </span>
     <span class='ocr_line' id='line_1_63' title="bbox 1168 3205 2180 3266; baseline 0.003 -6"><span class='ocrx_word' id='word_1_370' title='bbox 1168 3205 1276 3261; x_wconf 88' lang='lat' dir='ltr'>bre.</span> <span class='ocrx_word' id='word_1_371' title='bbox 1317 3209 1369 3261; x_wconf 88' lang='lat' dir='ltr'>Si</span> <span class='ocrx_word' id='word_1_372' title='bbox 1409 3207 1555 3261; x_wconf 88' lang='lat' dir='ltr'>donc</span> <span class='ocrx_word' id='word_1_373' title='bbox 1601 3228 1674 3261; x_wconf 90' lang='lat' dir='ltr'>un</span> <span class='ocrx_word' id='word_1_374' title='bbox 1723 3226 1881 3265; x_wconf 84' lang='lat' dir='ltr'>autre</span> <span class='ocrx_word' id='word_1_375' title='bbox 1925 3211 2180 3266; x_wconf 82' lang='lat' dir='ltr'>recueille</span> 
     </span>
     <span class='ocr_line' id='line_1_64' title="bbox 1169 3284 2175 3364; baseline 0.007 -27"><span class='ocrx_word' id='word_1_376' title='bbox 1169 3284 1425 3348; x_wconf 76' lang='lat' dir='ltr'>l’essaim‚</span> <span class='ocrx_word' id='word_1_377' title='bbox 1462 3285 1495 3338; x_wconf 88' lang='lat' dir='ltr'>il</span> <span class='ocrx_word' id='word_1_378' title='bbox 1526 3307 1594 3339; x_wconf 89' lang='lat' dir='ltr'>en</span> <span class='ocrx_word' id='word_1_379' title='bbox 1636 3306 1756 3341; x_wconf 82' lang='lat' dir='ltr'>sera</span> <span class='ocrx_word' id='word_1_380' title='bbox 1795 3292 2175 3364; x_wconf 63' lang='lat' dir='ltr'>proprietaire.</span> 
     </span>
     <span class='ocr_line' id='line_1_65' title="bbox 1166 3363 2179 3438; baseline 0.007 -23"><span class='ocrx_word' id='word_1_381' title='bbox 1166 3363 1391 3417; x_wconf 77' lang='lat' dir='ltr'>Cliacun</span> <span class='ocrx_word' id='word_1_382' title='bbox 1457 3379 1587 3438; x_wconf 85' lang='lat' dir='ltr'>peut</span> <span class='ocrx_word' id='word_1_383' title='bbox 1630 3371 1780 3420; x_wconf 84' lang='lat' dir='ltr'>aussi</span> <span class='ocrx_word' id='word_1_384' title='bbox 1829 3368 2052 3422; x_wconf 84' lang='lat' dir='ltr'>enlever</span> <span class='ocrx_word' id='word_1_385' title='bbox 2099 3367 2179 3422; x_wconf 87' lang='lat' dir='ltr'>les</span> 
     </span>
     <span class='ocr_line' id='line_1_66' title="bbox 1170 3441 2183 3519; baseline 0.005 -24"><span class='ocrx_word' id='word_1_386' title='bbox 1170 3461 1369 3517; x_wconf 77' lang='lat' dir='ltr'>rayons</span> <span class='ocrx_word' id='word_1_387' title='bbox 1400 3462 1508 3519; x_wconf 85' lang='lat' dir='ltr'>que</span> <span class='ocrx_word' id='word_1_388' title='bbox 1550 3441 1632 3498; x_wconf 89' lang='lat' dir='ltr'>les</span> <span class='ocrx_word' id='word_1_389' title='bbox 1669 3443 1893 3501; x_wconf 62' lang='lat' dir='ltr'>abeilses</span> <span class='ocrx_word' id='word_1_390' title='bbox 1931 3449 2183 3501; x_wconf 80' lang='lat' dir='ltr'>auraieut</span> 
     </span>
     <span class='ocr_line' id='line_1_67' title="bbox 1167 3520 2181 3605; baseline 0.01 -32"><span class='ocrx_word' id='word_1_391' title='bbox 1167 3520 1481 3596; x_wconf 76' lang='lat' dir='ltr'>fabriques:</span> <span class='ocrx_word' id='word_1_392' title='bbox 1523 3523 1808 3592; x_wconf 75' lang='lat' dir='ltr'>toutefoiS,</span> <span class='ocrx_word' id='word_1_393' title='bbox 1842 3540 1894 3579; x_wconf 86' lang='lat' dir='ltr'>et</span> <span class='ocrx_word' id='word_1_394' title='bbox 1927 3541 2047 3582; x_wconf 85' lang='lat' dir='ltr'>tant</span> <span class='ocrx_word' id='word_1_395' title='bbox 2071 3548 2181 3605; x_wconf 85' lang='lat' dir='ltr'>que</span> 
     </span>
    </p>
   </div>
   <div class='ocr_carea' id='block_1_15' title="bbox 226 2882 1116 2955">
    <p class='ocr_par' dir='ltr' id='par_1_16' title="bbox 226 2882 1116 2955">
     <span class='ocr_line' id='line_1_68' title="bbox 226 2882 1116 2955; baseline 0.008 -18"><span class='ocrx_word' id='word_1_396' title='bbox 226 2896 279 2937; x_wconf 81' lang='lat' dir='ltr'>te</span> <span class='ocrx_word' id='word_1_397' title='bbox 298 2882 455 2940; x_wconf 86' lang='lat' dir='ltr'>alveo</span> <span class='ocrx_word' id='word_1_398' title='bbox 468 2885 852 2955; x_wconf 74' lang='lat' dir='ltr'>includantur,</span> <span class='ocrx_word' id='word_1_399' title='bbox 877 2910 988 2944; x_wconf 89' lang='lat' dir='ltr'>non</span> <span class='ocrx_word' id='word_1_400' title='bbox 1010 2910 1116 2944; x_wconf 81' lang='lat' dir='ltr'>ma·</span> 
     </span>
    </p>
   </div>
   <div class='ocr_carea' id='block_1_16' title="bbox 208 3041 1119 3359">
    <p class='ocr_par' dir='ltr' id='par_1_17' title="bbox 208 3041 1119 3359">
     <span class='ocr_line' id='line_1_69' title="bbox 208 3041 1116 3120; baseline 0.012 -29"><span class='ocrx_word' id='word_1_401' title='bbox 208 3058 397 3118; x_wconf 65' lang='lat' dir='ltr'>quam</span> <span class='ocrx_word' id='word_1_402' title='bbox 421 3041 673 3098; x_wconf 86' lang='lat' dir='ltr'>volucres</span> <span class='ocrx_word' id='word_1_403' title='bbox 697 3064 821 3120; x_wconf 73' lang='lat' dir='ltr'>quoe</span> <span class='ocrx_word' id='word_1_404' title='bbox 845 3048 897 3099; x_wconf 83' lang='lat' dir='ltr'>iu</span> <span class='ocrx_word' id='word_1_405' title='bbox 920 3046 1116 3103; x_wconf 80' lang='lat' dir='ltr'>arbore</span> 
     </span>
     <span class='ocr_line' id='line_1_70' title="bbox 228 3117 1117 3203; baseline 0.01 -32"><span class='ocrx_word' id='word_1_406' title='bbox 228 3129 323 3172; x_wconf 85' lang='lat' dir='ltr'>tua</span> <span class='ocrx_word' id='word_1_407' title='bbox 347 3117 538 3176; x_wconf 87' lang='lat' dir='ltr'>nidum</span> <span class='ocrx_word' id='word_1_408' title='bbox 575 3121 806 3177; x_wconf 81' lang='lat' dir='ltr'>fecerint</span> <span class='ocrx_word' id='word_1_409' title='bbox 831 3146 841 3177; x_wconf 88' lang='lat'>:</span> <span class='ocrx_word' id='word_1_410' title='bbox 879 3124 1117 3203; x_wconf 88' lang='lat' dir='ltr'>ideoque</span> 
     </span>
     <span class='ocr_line' id='line_1_71' title="bbox 229 3194 1114 3268; baseline 0.007 -15"><span class='ocrx_word' id='word_1_411' title='bbox 229 3196 273 3253; x_wconf 85' lang='lat' dir='ltr'>si</span> <span class='ocrx_word' id='word_1_412' title='bbox 302 3194 442 3252; x_wconf 79' lang='lat' dir='ltr'>alius</span> <span class='ocrx_word' id='word_1_413' title='bbox 477 3219 568 3254; x_wconf 85' lang='lat' dir='ltr'>eas</span> <span class='ocrx_word' id='word_1_414' title='bbox 601 3201 915 3268; x_wconf 87' lang='lat' dir='ltr'>incluserit,</span> <span class='ocrx_word' id='word_1_415' title='bbox 952 3205 997 3258; x_wconf 88' lang='lat' dir='ltr'>is</span> <span class='ocrx_word' id='word_1_416' title='bbox 1022 3225 1114 3259; x_wconf 80' lang='lat' dir='ltr'>ea—</span> 
     </span>
     <span class='ocr_line' id='line_1_72' title="bbox 215 3274 1119 3359; baseline 0.01 -31"><span class='ocrx_word' id='word_1_417' title='bbox 215 3292 355 3329; x_wconf 61' lang='lat' dir='ltr'>⁴rum</span> <span class='ocrx_word' id='word_1_418' title='bbox 369 3274 631 3334; x_wconf 86' lang='lat' dir='ltr'>dominus</span> <span class='ocrx_word' id='word_1_419' title='bbox 644 3282 746 3334; x_wconf 87' lang='lat' dir='ltr'>erit</span> <span class='ocrx_word' id='word_1_420' title='bbox 784 3285 962 3337; x_wconf 83' lang='lat' dir='ltr'>Favos</span> <span class='ocrx_word' id='word_1_421' title='bbox 985 3303 1119 3359; x_wconf 90' lang='lat' dir='ltr'>quo-</span> 
     </span>
    </p>
   </div>
   <div class='ocr_carea' id='block_1_17' title="bbox 220 3510 1111 3596">
    <p class='ocr_par' dir='ltr' id='par_1_18' title="bbox 220 3510 1111 3596">
     <span class='ocr_line' id='line_1_73' title="bbox 220 3510 1111 3596; baseline 0.015 -35"><span class='ocrx_word' id='word_1_422' title='bbox 220 3510 385 3581; x_wconf 63' lang='lat' dir='ltr'>tegre</span> <span class='ocrx_word' id='word_1_423' title='bbox 420 3530 498 3577; x_wconf 86' lang='lat' dir='ltr'>re,</span> <span class='ocrx_word' id='word_1_424' title='bbox 534 3516 593 3568; x_wconf 29' lang='lat' dir='ltr'>siv*</span> <span class='ocrx_word' id='word_1_425' title='bbox 606 3515 910 3591; x_wconf 57' lang='lat' dir='ltr'>&#39;novideris</span> <span class='ocrx_word' id='word_1_426' title='bbox 934 3520 1111 3596; x_wconf 78' lang='lat' dir='ltr'>ingre-</span> 
     </span>
    </p>
   </div>
  </div>
 </body>
</html>
