2340 3880
799 284 963 323 Livtm
1008 285 1055 336 1,
1107 284 1271 323 τιΤιιΕ
1323 285 1374 325 x.

1981 274 2053 327 51

107 411 343 467 quorum
408 394 464 445 in
521 404 791 466 potestate
850 389 1376 485 stlnt.'ascendaiits
1419 394 1448 442 ἐι
1496 389 1544 443 la
1591 394 1885 463 puissance
1926 390 2058 446 des-

34 519 36 522 ,
107 474 248 524 Nam
273 468 506 524 hocfieri
528 467 730 522 debere
750 469 992 523 etcivilis
1043 468 1200 544 quels
1236 466 1300 521 ils
1350 481 1474 521 sont
1515 471 1741 523 soumis.
1787 468 1933 523 C‘est
1981 490 2057 524 un

32 556 34 559 ’
107 562 163 602 et
206 546 472 602 naturalis
517 548 654 600 ratio
697 545 907 612 suadet,
938 549 993 600 in

110 639 323 679 tantum
372 638 430 677 ut
478 628 696 694 jussum
753 628 992 698 parentis

108 701 413 778 praecedere
429 700 642 755 debeat.
662 701 826 756 Unde
842 723 995 777 quae-

107 782 273 835 situm
296 792 397 845 est,
420 799 493 832 an
515 779 709 833 furiosi
739 779 848 832 fitia
886 801 991 834 nu·

30 890 33 892 -
105 858 254 923 bere,
272 857 574 911 autfuriosi
595 857 740 911 filius
766 877 990 912 uxorem

27 957 29 963 ·
107 935 310 990 ducere
336 938 526 1009 possit.

107 1316 110 1320 ⁴
173 1303 373 1363 Cumque
409 1318 544 1364 super
576 1305 664 1350 filio
706 1304 987 1358 variebatur,

108 1376 261 1416 nostra
284 1374 502 1430 processit
521 1372 690 1417 decisio
705 1385 792 1430 qua
806 1373 993 1430 permis-

31 1462 34 1463 ν
109 1449 208 1482 sum
232 1444 316 1492 est,
342 1437 399 1482 ad
422 1437 674 1497 exemplum
698 1438 799 1484 filiae
817 1438 989 1494 furiosi,

111 1501 250 1548 filium
277 1517 453 1562 quoque
489 1518 619 1563 posse
643 1511 688 1550 et
718 1506 815 1550 sine
854 1506 994 1562 patris

112 1570 364 1616 interventu
387 1572 717 1616 matrimonium
744 1571 829 1616 sibi
853 1584 993 1630 copu-

110 1636 220 1688 lare.
263 1637 509 1682 secundum
549 1638 703 1684 datum
741 1652 794 1684 ex
842 1645 993 1685 nostra

108 1702 422 1748 constitutione
448 1704 641 1749 modum.

189 1855 239 1896 1.
270 1847 414 1916 Ergo
451 1865 555 1899 non
598 1864 789 1898 cinnes
833 1845 991 1900 nobis

110 1939 307 1975 uxores
327 1922 529 1977 ducere
543 1922 688 1987 licet3
711 1943 836 1975 nain
856 1943 992 1998 qua-

111 1997 363 2054 rumdam
379 2003 585 2076 nuptiis
604 1999 989 2055 abstinendum

111 2092 208 2130 est.
251 2081 398 2132 Inter
425 2099 515 2133 eas
542 2080 686 2132 enim
728 2099 992 2154 personas

111 2174 235 2231 quae
275 2160 586 2231 parentium
624 2155 993 2211 liberorumve

110 2231 293 2286 locum
317 2236 458 2288 inter
481 2256 543 2290 se
565 2233 834 2300 obtinent,
858 2255 990 2289 con-

113 2310 252 2365 trahi
299 2316 508 2388 nuptiae
564 2333 675 2366 non
727 2328 990 2387 possunt;

111 2388 276 2442 veluti
305 2393 448 2445 inter
470 2406 681 2466 patrem
706 2404 760 2444 et
791 2389 960 2444 filiam
977 2433 990 2456 ‚

110 2466 191 2519 vel
216 2487 382 2522 avum
415 2484 466 2524 et
496 2483 736 2542 neptem,
773 2468 853 2521 vel
878 2490 992 2522 ma-

112 2558 252 2598 trem
282 2559 334 2599 et
357 2546 558 2612 filium,
602 2545 683 2599 vel
720 2547 900 2599 aviam
941 2561 995 2600 et

35 2651 39 2682 1
110 2639 368 2697 nepotem
388 2669 400 2692 ,
430 2640 484 2679 et
514 2643 688 2700 usque
718 2624 789 2678 ad
821 2623 995 2677 infini-

42 2700 44 2703 ’
108 2702 994 2777 tumzetsitalespersonaeinterse

109 2781 351 2844 coierint,
377 2781 609 2835 nefarias
628 2794 793 2855 atque
810 2782 991 2834 inces-

109 2873 190 2912 tas
212 2861 431 2932 nuptias
451 2861 790 2913 contraxisse
810 2859 994 2911 (licun-

109 2950 214 2991 tur.
259 2941 326 2991 Et
357 2936 478 2991 haec
499 2938 637 2992 adeo
658 2938 732 2990 ita
759 2950 905 3002 sunt,
937 2952 995 2989 ut

108 3018 360 3091 quamvis
395 3035 491 3090 per
514 3013 864 3090 adoptionem
901 3034 993 3087 pa-

110 3095 348 3147 rentium
366 3091 737 3147 liberorumve
754 3092 876 3145 loco
891 3092 993 3145 sibi

111 3190 230 3226 esse
277 3172 567 3246 coeperint,
619 3189 731 3223 non
782 3170 994 3243 possint

111 3250 251 3302 inter
277 3269 334 3302 se
359 3250 709 3303 matrimonio
734 3245 911 3322 jungi:
936 3249 992 3302 in

112 3339 328 3379 tanturn
382 3340 445 3379 ut
497 3328 661 3379 etiam
724 3323 991 3379 dissoluta

1042 549 1299 621 pre'cepte
1315 566 1424 620 que
1446 547 1909 601 recommandent
1930 551 2060 622 ega-

1044 626 1246 678 lement
1268 623 1319 677 le
1347 622 1490 676 droit
1517 623 1639 676 civit
1684 640 1737 676 et
1783 624 1832 678 la
1877 628 2057 680 raison

1041 701 1342 765 naturelle‚
1378 704 1635 775 precepte
1667 704 1707 754 si
1748 703 2057 777 imperieux

1042 801 1150 856 que
1190 780 1236 834 le
1262 792 1682 834 consentetnent
1718 778 1792 832 du
1829 785 1962 854 pere
1989 780 2057 835 de

1044 857 1247 912 tamine
1280 857 1396 912 doit
1441 862 1622 910 meme
1663 857 1932 932 preceder
1980 857 2056 913 les

1043 956 1227 989 noces,
1261 937 1423 989 Aussi
1444 949 1638 988 a-t-on
1665 934 1834 990 doute
1860 956 1968 1011 que
2006 935 2059 990 la

1042 1012 1153 1066 fille
1169 1011 1296 1066 d‘un
1314 1013 1408 1066 fou
1429 1020 1527 1085 put
1542 1012 1781 1086 prendre
1802 1034 1875 1067 un
1896 1017 2055 1080 mari,

1043 1104 1096 1144 et
1123 1111 1231 1166 que
1274 1111 1374 1144 son
1416 1088 1502 1143 fils
1538 1098 1640 1163 put
1678 1091 1917 1164 prendre
1947 1111 2060 1146 une

1043 1171 1268 1243 epouse.

1109 1304 1164 1349 Et
1186 1317 1359 1349 comme
1391 1317 1445 1349 on
1471 1305 1582 1351 etait
1615 1304 1801 1363 partage
1826 1305 1848 1348 ὲ
1886 1303 2058 1363 l‘egard

1040 1370 1099 1414 du
1125 1369 1209 1424 fils,
1251 1384 1336 1416 une
1367 1370 1423 1416 de
1458 1384 1539 1417 nos
1572 1370 1798 1417 decisions
1830 1383 1856 1416 a
1889 1371 2059 1431 permis

1039 1439 1143 1494 qu’ii
1169 1437 1397 1497 l'exemple
1421 1438 1476 1484 de
1510 1438 1551 1484 la
1585 1437 1688 1491 fille,
1722 1437 1750 1482 il
1780 1438 1874 1497 put,
1913 1438 2059 1484 meme

1040 1516 1147 1548 sans
1178 1504 1507 1551 l'intervention
1544 1504 1604 1550 du
1638 1506 1767 1563 pere,
1802 1511 2054 1550 contractet·

1041 1571 1240 1628 mariage
1264 1571 1443 1617 suivant
1469 1571 1509 1618 le
1526 1571 1656 1618 mode
1673 1571 1806 1618 etabli
1831 1585 1911 1630 par
1928 1578 2056 1618 notre

1040 1637 1347 1683 constitution.

1121 1856 1168 1897 1.
1198 1843 1237 1897 11
1258 1842 1397 1898 u'est
1415 1865 1511 1919 pas
1535 1847 1737 1920 peruiis
1760 1844 2053 1921 d'epouser

1040 1935 1196 1975 toute
1214 1922 1417 1976 femine
1437 1923 1935 1991 indistinctement3
1957 1944 2050 1978 car

1041 1999 1075 2052 il
1116 2013 1199 2053 est
1221 2003 1459 2054 certains
1486 2003 1754 2076 mariages
1800 2001 1938 2055 dont
1978 2023 2048 2056 on

1041 2077 1156 2131 doit
1181 2076 1486 2132 s'abstenir.
1515 2082 1667 2133 Ainsi
1691 2080 1771 2133 les
1795 2100 1960 2134 noces
1980 2100 2049 2134 ne

1040 2170 1285 2230 peuvent
1308 2176 1365 2210 se
1387 2171 1700 2212 contracter
1726 2171 1882 2211 entre
1904 2158 2050 2212 deux

1046 2254 1346 2305 personnes
1379 2233 1514 2289 dont
1548 2235 1691 2289 l'une
1712 2234 1958 2290 descend
1984 2235 2054 2289 de

1046 2309 1265 2378 l'aiitre,
1294 2311 1641 2367 c‘estvii-dire
1669 2327 1822 2367 entre
1847 2313 1896 2368 le
1922 2317 2054 2389 pere

1043 2404 1095 2443 et
1118 2391 1167 2443 la
1190 2388 1321 2456 fille,
1338 2404 1492 2444 entre
1512 2388 1690 2444 l'a‘i'eul
1713 2405 1766 2444 et
1786 2391 1839 2444 la
1860 2393 2056 2465 petite·

1042 2466 1173 2532 fille,
1194 2483 1347 2521 entre
1374 2467 1601 2522 lamere
1624 2485 1676 2521 et
1698 2468 1750 2522 le
1773 2469 1880 2534 fils,
1896 2485 2052 2524 entre

1043 2544 1252 2598 l'a'i'eule
1289 2560 1342 2598 et
1366 2545 1413 2598 l'e
1436 2544 1713 2620 petit-fils,
1757 2560 1811 2599 et
1845 2547 1984 2600 ainsi
2019 2552 2051 2601 ἐι

1042 2620 1254 2676 l‘infini.
1305 2626 1554 2699 Lorsque
1600 2643 1691 2677 ces
1745 2643 2051 2698 personnes

1042 2699 1335 2755 s'unissent
1355 2745 1367 2766 ,
1417 2700 1550 2755 elles
1595 2722 1662 2754 ne
1707 2715 2052 2759 contrectent

1042 2799 1150 2855 que
1174 2776 1270 2832 des
1303 2799 1471 2833 noces
1497 2777 1832 2833 criminelles
1870 2793 1924 2833 et
1963 2782 2050 2833 in-

1041 2870 1376 2911 cestueuseS.
1400 2856 1556 2911 Teile
1577 2871 1660 2910 est
1683 2854 1960 2911 l'etendue
1982 2857 2051 2912 de

1042 2948 1181 2989 cette
1209 2933 1564 3010 prohibition,
1591 2954 1702 3010 que
1738 2934 1819 2989 les
1859 2955 2052 2989 ascen-

1042 3012 1200 3067 dants
1230 3026 1285 3066 et
1312 3011 1681 3066 descendants
1709 3014 1805 3087 qui
1831 3034 1900 3068 ne
1927 3028 2051 3068 sont

1042 3090 1284 3145 dex-'enus
1308 3089 1410 3144 tels
1435 3110 1540 3165 que
1563 3109 1663 3165 par
1678 3090 1963 3164 adoption,
1983 3111 2051 3144 ne

1043 3183 1285 3243 peuvent
1326 3166 1499 3221 s'unir
1533 3187 1635 3242 par
1677 3171 1952 3244 mariage3
2000 3186 2054 3225 et

1042 3267 1169 3323 que,
1202 3252 1380 3299 meme
1407 3248 1568 3320 apres
1606 3243 1906 3322 l'adoption
1937 3245 2049 3299 dis-

1041 3338 1217 3388 soute‚
1233 3322 1508 3377 l'obstacle
1525 3323 1762 3378 subsiste
1778 3322 2043 3399 toujourS.

1041 3403 1212 3467 Ainsi,
1239 3398 1560 3477 lorsqu'une
1582 3402 1785 3455 femme
1808 3421 1929 3456 sera
1962 3400 2048 3455 de·

20 3516 87 3585 ἦ
113 3484 303 3558 ltaque
322 3501 443 3535 eam
461 3502 585 3558 quae
603 3480 694 3535 tibi
716 3499 814 3557 per
830 3478 993 3557 adop-
1042 3499 1220 3533 venue
1247 3499 1343 3551 par
1366 3478 1630 3551 adoption
1659 3492 1815 3534 votre
1837 3478 1948 3532 fille
1972 3497 2045 3532 ou

47 3586 50 3588 v
116 3560 314 3611 tionem
362 3559 467 3612 filia
511 3558 590 3613 ve!
641 3561 819 3633 neptis
876 3579 992 3612 esse
1040 3555 1375 3631 petite-fille,
1419 3576 1557 3610 vous
1584 3577 1650 3610 ne
1680 3575 1914 3630 pourrez
1953 3553 2044 3608 Γέ-

345 3659 373 3687 ι.
1785 3649 1809 3685 6

16 3365 66 3447 ἐ
110 3402 408 3479 adoptione
429 3402 572 3458 idem
588 3401 729 3478 juris
753 3417 988 3457 maneat.
