2346 3952
10 340 15 354 ,

762 240 926 285 LIVRE
971 241 1044 297 11,
1092 240 1257 282 TITRE
1304 241 1420 283 xlx.

115 352 306 401 nobilem
331 352 507 413 scripsit
538 369 547 398 ε
571 352 700 412 cujus
734 359 934 399 tenorem
960 352 998 398 si

111 421 450 468 observaverint
466 420 684 475 homines,
703 419 809 465 licet
827 421 891 466 eis
913 419 997 464 ad-

112 490 176 535 ire
201 488 491 536 hereditatem
515 524 527 545 ,
573 493 617 533 et
656 489 699 532 in
728 493 900 532 tantum
937 492 1000 532 te-

113 557 208 603 neri
233 561 448 616 quantum
485 555 634 601 valere
670 554 784 600 bona
825 553 997 599 heredi-

115 624 219 669 tatis
260 623 505 681 contingit3
551 629 600 667 ut
646 636 699 667 ex
746 622 829 666 hac
864 634 998 667 causa

114 704 259 750 neque
305 689 633 736 deliberationis
681 689 895 733 auxilium
934 689 1000 734 eis

115 757 190 803 liat
210 757 525 809 necessarium,
554 756 638 800 nisi
662 755 821 801 omissa
847 756 1000 801 obser-

116 824 290 870 vatione
307 827 472 870 nostrae
495 822 827 869 constitutionis
851 829 896 869 et
918 822 1000 868 de·

116 891 392 936 liberandum
417 890 797 943 existimaverint,
823 896 868 936 et
899 903 1001 936 sese

115 958 254 1004 veteri
289 957 534 1016 gravamini
575 957 783 1003 aditionis
830 971 998 1017 suppo-

116 1039 220 1072 nere
247 1025 500 1071 maluerint.

194 1138 246 1182 7.
302 1128 435 1180 Item
493 1139 788 1180 extraneus
837 1124 998 1179 heres

114 1217 441 1258 testamento
467 1206 778 1269 institutus,
812 1217 906 1257 aut
931 1204 1000 1257 ab

114 1282 370 1336 intestato
398 1281 468 1336 ad
509 1282 811 1356 legitimam
846 1281 999 1358 here-

114 1357 342 1413 ditatem
376 1374 632 1426 vocatus,
682 1374 863 1435 potest
906 1373 1003 1413 aut

117 1457 217 1512 pro
231 1436 432 1491 herede
447 1437 709 1512 gerendo,
728 1451 823 1492 aut
837 1439 999 1492 etiam

115 1515 267 1585 nuda
311 1514 591 1570 voluntate
635 1516 1002 1590 suscipiendae

114 1592 470 1661 hereditati5‚
513 1594 671 1648 heres
716 1594 851 1648 fieri.
899 1598 1002 1648 Pro

113 1669 316 1725 herede
349 1687 535 1726 autem
562 1693 753 1747 gerere
778 1674 903 1748 quis
930 1675 1002 1726 vi-

113 1747 306 1815 detur,
350 1751 394 1827 si
446 1751 610 1804 rebus
659 1749 1001 1804 hereditariis

113 1839 398 1903 tamquam
442 1826 605 1882 heres
648 1843 867 1894 utatur,
915 1827 1001 1882 vel

117 1904 405 1958 vendendo
457 1926 542 1960 res
602 1906 998 1973 hereditariae,

118 1980 201 2035 vel
261 1984 467 2058 praedia
519 1984 752 2039 colendo
820 1984 1003 2039 locan-

116 2058 297 2126 dove,
351 2074 403 2113 et
459 2082 686 2138 quoquo
742 2062 906 2116 modo
958 2066 999 2116 si

118 2136 453 2192 voluntatem
478 2159 637 2192 suam
657 2139 898 2193 declaret
918 2141 1002 2193 vel

116 2234 174 2268 re
239 2215 321 2269 vel
380 2216 557 2271 verbis
619 2216 688 2271 de
747 2217 1002 2272 adeunda

116 2291 415 2348 hereditate
454 2316 465 2348 z
507 2295 811 2349 dummodo
870 2299 1005 2350 sciat

120 2391 247 2425 eum
266 2374 318 2424 in
335 2371 493 2447 cujus
512 2372 668 2427 honis
686 2394 786 2448 pro
801 2374 1004 2429 herede

122 2463 285 2522 gerit,
332 2464 591 2504 testatum
617 2466 1005 2506 1ntestatumve

121 2525 340 2593 obiisse,
362 2542 416 2582 et
437 2547 494 2582 se
514 2531 560 2581 ei
579 2527 847 2595 heredem
867 2549 1002 2584 esse.

121 2607 224 2658 Pro
267 2603 466 2659 herede
507 2609 653 2660 enim
691 2627 883 2682 gerere
925 2626 1004 2662 est

119 2701 221 2757 pro
257 2681 483 2737 domino
531 2705 742 2759 gerere3
791 2700 1003 2741 veteres

120 2763 265 2814 enim
319 2761 549 2817 heredes
607 2784 707 2839 pro
766 2763 1002 2819 dominis

118 2837 489 2914 appellabant.
573 2844 722 2898 Sicut
818 2856 1003 2896 autem

117 2916 265 2970 nuda
343 2917 627 2974 voluntate
707 2933 1002 2976 extraneus

116 2991 270 3048 heres
291 2994 380 3063 fit,
404 2999 477 3050 ita
510 3012 562 3050 et
596 3001 869 3053 contraria
903 2998 1002 3052 de-

117 3074 408 3129 stinatione
450 3078 635 3129 statim
675 3076 745 3129 ab
791 3075 1000 3130 heredi-

119 3162 226 3203 tate
260 3151 561 3226 repellitur.
598 3159 737 3207 Eum
764 3155 861 3230 qui
889 3174 1003 3208 sur-

116 3225 220 3281 dus
291 3228 378 3282 vel
442 3248 629 3286 mutus
687 3247 851 3286 natus
917 3231 1000 3286 vel

116 3319 308 3379 postea
349 3307 527 3364 factus
564 3323 679 3376 est,
720 3309 861 3364 nihil
886 3331 1004 3387 pro-

116 3381 268 3438 hibet
312 3405 413 3460 pro
466 3385 666 3442 herede
718 3408 906 3463 gerere
951 3404 1003 3443 et

117 3458 409 3535 adquirere
449 3464 551 3519 sibi
602 3465 962 3520 hereditatem
988 3512 1000 3536 ‚

121 3538 165 3590 si
178 3549 361 3592 tamen
377 3542 628 3615 intelligit
640 3543 789 3619 quod
800 3547 1000 3618 agitur.

1949 223 2076 286 [161⁸

1046 356 1318 410 permettent
1359 351 1384 394 a
1426 348 1678 409 quiconque
1719 346 1785 394 les
1826 346 2067 394 observera

1045 418 1102 464 de
1135 419 1243 464 faire
1281 417 1448 463 adition
1474 415 1724 462 d'he'redite
1747 420 1794 462 et
1830 415 1885 462 de
1923 414 2068 461 n'etre

1048 491 1153 532 tenu
1177 500 1263 544 que
1283 483 1465 544 jusqu’a
1499 496 1805 529 concurrence
1829 483 1886 529 de
1914 482 1956 529 la
1983 495 2066 528 va-

1048 553 1144 598 leur
1165 554 1244 598 des
1268 552 1415 597 biens.
1439 550 1509 596 On
1534 552 1607 596 n'a
1632 550 1746 595 donc
1764 549 1865 609 plus
1891 550 2061 603 besoin‚

1047 606 1154 666 soff's
1178 634 1230 666 ce
1254 625 1466 680 rapport,
1501 619 1556 664 de
1577 618 1776 664 recourir
1792 618 1817 662 a
1842 617 1884 662 la
1903 616 2069 663 delibe-

1048 687 1213 742 ration,
1256 689 1279 731 a
1315 687 1458 732 moins
1494 700 1603 746 que,
1639 683 1897 743 negligeant
1931 684 1987 730 de
2018 697 2068 730 se

1047 755 1300 813 conformer
1324 755 1346 798 a
1378 759 1506 799 notre
1541 752 1834 798 constitution
1855 790 1868 812 ‚
1910 765 1968 798 on
2011 764 2068 797 ne

1049 821 1223 882 prefere
1264 821 1487 867 deliberer
1523 827 1568 867 et
1609 834 1658 866 se
1698 824 1944 866 soumettre
1980 831 2070 865 aux

1048 890 1290 935 anciennes
1309 888 1500 947 charges
1517 889 1573 934 de
1595 887 1813 934 l'adition.

1128 1135 1182 1179 7.
1232 1122 1516 1177 L'lie'ritier
1567 1135 1794 1177 externe
1843 1126 2067 1179 institue

1050 1222 1150 1277 par
1178 1216 1472 1256 testament
1493 1246 1505 1266 ‚
1541 1222 1613 1255 ou
1649 1201 1848 1275 appele
1882 1202 1952 1257 ab
1983 1205 2068 1256 in-

1050 1293 1215 1334 testat
1249 1286 1276 1334 a
1309 1278 1592 1334 l'he'redite
1626 1278 1895 1355 legitime,
1933 1295 2067 1356 peut

1051 1359 1276 1413 devenir
1317 1357 1560 1424 bernier,
1604 1360 1709 1412 soit
1752 1378 1819 1412 en
1861 1359 2065 1414 faisant

1050 1450 1168 1491 acte
1205 1435 1502 1503 d'heritier‚
1533 1438 1638 1490 soit
1670 1442 1853 1491 meme
1883 1459 1982 1514 par
2013 1437 2067 1492 la

1051 1513 1248 1591 simple
1318 1514 1539 1569 volonte
1628 1513 2069 1590 d'apprehender

1052 1592 1350 1647 l'heredite.
1382 1596 1467 1646 On
1495 1593 1591 1647 fait
1615 1607 1734 1647 acte
1762 1594 2066 1661 d’heritier,

1053 1670 1327 1748 lorsqu’on
1370 1671 1624 1746 dispose,
1674 1691 1892 1726 comme
1932 1672 2070 1727 heri·

1053 1751 1172 1815 tier,
1216 1749 1312 1804 des
1349 1749 1508 1804 biens
1547 1749 1934 1818 hereditaireS,
1962 1754 2069 1808 soit

1050 1848 1117 1882 en
1154 1828 1231 1881 les
1259 1827 1502 1882 vendant
1521 1871 1534 1893 ‚
1566 1829 1669 1882 soit
1706 1849 1774 1883 en
1799 1829 2068 1886 cultivant

1050 1925 1120 1960 ou
1143 1905 1338 1960 louant
1372 1906 1451 1960 les
1479 1906 1784 1982 heritages‚
1813 1927 1887 1962 ou
1920 1907 2065 1963 lors-

1050 1984 1215 2060 qu'on
1265 1985 1554 2039 manifeste
1602 1983 1768 2040 d’une
1818 1989 2068 2042 maniere

1052 2063 1430 2140 quelconque,
1480 2083 1579 2138 par
1622 2063 1812 2138 parole
1852 2085 1924 2118 ou
1965 2086 2068 2141 par

1052 2143 1255 2206 action,
1286 2140 1335 2194 la
1361 2141 1583 2213 ‘volonte
1603 2142 1671 2195 de
1696 2142 1832 2196 faire
1858 2144 2065 2198 adition

1053 2217 1379 2285 d’heredite3
1420 2239 1635 2293 pourvu
1674 2220 1836 2295 qu'en
1868 2221 2070 2276 faisant

1052 2310 1172 2350 acte
1198 2295 1476 2351 d'heritier
1497 2318 1596 2351 sur
1620 2297 1697 2352 les
1722 2297 1877 2352 biens
1902 2299 2068 2355 d⁷une

1052 2395 1362 2450 personne,
1409 2396 1482 2430 on
1528 2375 1693 2430 sache
1744 2376 1939 2452 qu’elle
1985 2392 2068 2433 est

1054 2467 1229 2506 morte
1270 2467 1433 2506 testat
1473 2473 1544 2506 ou
1584 2454 1841 2519 intestat,
1883 2469 2068 2532 etque

1054 2528 1160 2584 l’o‘n
1206 2545 1288 2584 est
1325 2550 1424 2585 son
1471 2528 1711 2585 heritier.
1760 2535 1914 2587 Faire
1946 2548 2069 2589 acte

1054 2605 1349 2673 d'he'ritier,
1373 2607 1504 2662 c'est
1530 2609 1665 2663 faire
1691 2624 1810 2664 acte
1840 2609 1908 2665 de
1935 2632 2066 2686 pro-

1053 2689 1247 2760 priete‚
1278 2706 1371 2741 car
1391 2686 1528 2741 chez
1551 2687 1627 2742 les
1646 2691 1891 2757 anciens,
1917 2689 2066 2744 heri-

1053 2767 1156 2838 tiei‘
1224 2764 1434 2819 voulait
1502 2764 1619 2820 dire
1684 2770 2066 2842 proprietaire.

1051 2846 1278 2897 Comme
1302 2842 1352 2896 la
1378 2843 1578 2920 simple
1609 2845 1829 2899 volonte
1861 2845 2017 2899 suffit
2036 2850 2067 2900 a

1053 2941 1126 2973 un
1154 2936 1378 2975 externe
1398 2943 1540 2997 pour
1565 2921 1793 2977 devenir
1821 2923 2065 2991 heritier‚

1052 2999 1436 3073 pareillement
1511 2999 1564 3053 la
1640 3001 2068 3057 determination

1051 3080 1325 3132 contraire
1357 3077 1435 3131 lui
1474 3078 1647 3132 ferme
1677 3083 1912 3134 aussitot
1945 3079 2065 3135 l'ac-

1050 3158 1140 3209 ces
1163 3155 1232 3210 de
1255 3154 1559 3210 l'here'dite.
1584 3160 1722 3211 Rieu
1741 3156 2068 3234 n'empeche

1053 3253 1124 3286 un
1148 3231 1316 3288 sourd
1355 3254 1424 3288 ou
1463 3254 1541 3288 un
1582 3252 1755 3300 muel,
1784 3240 1853 3291 ne
1879 3257 1951 3291 ou
1973 3235 2068 3291 de-

1053 3332 1198 3365 venu
1234 3309 1336 3377 tel,
1372 3310 1441 3365 de
1477 3312 1612 3368 faire
1643 3328 1764 3368 acte
1791 3313 2070 3370 d’heritier

1053 3403 1106 3443 et
1145 3387 1455 3465 d'acque'rir
1493 3390 1793 3459 l'heredite‚
1822 3394 1866 3447 si
1894 3406 2070 3447 toute-

1051 3468 1154 3522 fois
1177 3467 1214 3522 il
1237 3468 1542 3543 comprend
1565 3490 1626 3525 ce
1646 3469 1775 3546 qu'il
1799 3469 1913 3524 fait.
