2346 3952
868 217 1032 258 uvae
1077 216 1152 269 11,
1201 215 1364 256 ΤΙΤΒΕ
1410 217 1446 258 1.

200 397 480 460 captivorum
506 392 576 460 (¹).

280 526 330 580 Si
350 525 473 600 quis
488 540 619 575 vero
632 516 968 573 *auctoritate
992 533 1100 572 sua

204 605 591 679 quasisacrum
607 597 708 652 sibi
727 597 1090 663 constituerit,

205 699 422 735 sacrum
433 698 542 733 non
556 691 655 743 est,
665 673 762 730 sed
774 676 1089 751 profanum.

163 762 385 827 „Locus
436 770 620 811 autern
670 756 726 808 in
776 774 888 830 quo
946 752 1093 808 aedes

166 832 375 893 ‘''sacrae
415 849 544 891 sunt
581 832 885 894 aedificatae,
929 835 1092 886 etiam

205 908 386 981 diruto
428 909 661 970 aedificio
705 931 859 966 sacer
910 909 1096 964 adhuc

174 999 410 1059 'manet,
450 1007 510 1046 ut
550 1006 604 1046 et
640 991 976 1066 Papinianus
1014 1010 1095 1044 re-

203 1073 450 1145 scripsit.

281 1161 336 1204 9.
365 1148 701 1223 Religiosum
725 1143 911 1202 locum
933 1165 1099 1201 unus-

205 1229 443 1305 quisque
479 1246 580 1281 sua
613 1224 899 1280 voluntate
936 1226 1095 1292 facit5

207 1304 342 1361 dum
385 1318 667 1360 mortuum
717 1304 880 1359 infert
919 1303 1099 1357 inlo-

210 1404 339 1439 cum
391 1404 574 1438 suum.
627 1387 689 1436 In
740 1401 1100 1436 communem

211 1476 395 1517 autem
452 1461 636 1516 locum
684 1481 885 1535 purum
930 1462 1103 1513 invito

213 1543 363 1596 socio
416 1540 618 1595 inferre
666 1559 779 1592 non
831 1538 988 1605 licet3
1051 1540 1105 1591 in

214 1638 512 1674 commune
581 1637 709 1690 vero
783 1616 1103 1691 sepulcrum

215 1699 379 1751 etiam
412 1697 592 1749 invitis
630 1697 824 1750 ceteris
862 1694 988 1749 licet
1024 1697 1106 1748 in-

214 1774 376 1829 ferre.
422 1778 560 1828 Item
602 1775 647 1828 si
688 1772 902 1827 alienus
944 1793 1106 1827 usus-

214 1852 540 1918 fructusest‚
555 1852 977 1927 proprietarium
1001 1851 1108 1926 pla·

217 1945 322 1997 cet,
336 1933 440 1986 nisi
461 1932 839 1985 consentiente
859 1931 1108 1984 usufruc-

189 2070 194 2079 ,
218 2011 416 2074 tuari0‚
437 2009 624 2064 locum
652 2008 972 2079 religiosum
996 2028 1107 2062 non

218 2087 418 2141 facere.
437 2091 496 2140 In
511 2085 752 2140 alienum
775 2085 961 2141 locum
981 2106 1107 2141 con-

221 2158 448 2229 cedente
471 2163 693 2219 domino
722 2163 848 2219 licet
871 2165 1074 2219 inferre
1097 2207 1110 2231 ,

221 2256 276 2298 et
299 2240 425 2297 licet
447 2255 636 2317 postea
651 2256 831 2297 ratum
858 2243 1112 2297 habuerit

220 2340 387 2398 quam
415 2320 599 2375 illatus
628 2336 710 2375 est
732 2338 1004 2390 mortuus,
1028 2336 1111 2376 ta-

221 2418 350 2454 men
378 2398 671 2474 religiosus
695 2399 755 2453 fit
778 2398 951 2455 locus,

303 2643 392 2691 10.
417 2638 629 2691 Sanctae
654 2654 878 2711 quoque
899 2654 1004 2699 res,
1027 2657 1116 2690 ve-

221 2708 323 2767 luti
357 2716 502 2768 muri
540 2727 592 2768 et
627 2729 821 2787 portae,
848 2715 1116 2790 quo-darn-

225 2790 391 2847 modo
406 2791 575 2847 divini
591 2794 732 2864 juris
752 2807 899 2860 sunt,
922 2809 975 2847 et
996 2793 1118 2848 ideo

283 2950 328 2998 (ί)
345 2964 359 2984 ι
374 2954 572 2990 sancimus
581 2954 729 2990 nemini
740 2955 855 2992 licere
865 2955 1121 2993 sacratissima

165 3006 174 3011 ”
230 3010 375 3053 »atque
402 3018 543 3046 arcana
562 3019 665 3053 vasa,
697 3012 757 3047 vet
774 3015 895 3048 vestes
916 3015 1122 3058 ceteraque

151 3349 183 3357 ι.

234 3075 251 3094 ι
266 3061 427 3100 donaria
443 3074 527 3111 quae
544 3064 592 3101 ad
612 3065 787 3102 divinam
808 3068 1037 3113 religionem
1060 3077 1124 3104 ne-

234 3131 252 3150 »
266 3120 429 3155 cessaria
455 3124 599 3158 sunt...
620 3123 680 3157 vel
705 3122 754 3158 ad
779 3123 1045 3160 venditionem
1062 3124 1123 3160 vet

188 3171 206 3231 s
235 3186 252 3206 ι
266 3172 522 3221 hypothecam
536 3177 595 3213 vel
612 3178 750 3224 pignus
767 3178 936 3215 trahere.
947 3206 976 3216 ..
992 3189 1125 3227 excep·

237 3241 254 3263 ι
271 3231 309 3265 ta
325 3229 505 3268 videlicet
522 3241 636 3269 causa
652 3234 889 3280 captivitatis
909 3239 947 3271 et
967 3235 1119 3273 famis.»

235 3279 306 3334 (C.
320 3287 388 3328 21,
406 3285 454 3322 de
466 3297 578 3324 sacr.
594 3284 711 3339 eccl.)

286 3341 377 3377 si...
395 3344 602 3388 contigerit
616 3344 729 3388 hujus
743 3344 848 3382 modi
862 3346 1126 3384 venerabilem

229 3394 363 3431 iocum
380 3396 520 3435 debitis
537 3400 793 3444 aggravari...
827 3401 1024 3438 licentiam
1056 3402 1123 3439 da·

235 3457 374 3488 mus...
391 3453 584 3500 superflua
606 3466 749 3492 vasa...
772 3456 942 3493 vendere
957 3461 1024 3494 aut
1037 3468 1127 3495 con·

207 3554 211 3558 μ
239 3501 382 3542 flare...
401 3510 591 3546 eteorum
608 3513 775 3559 pretium
790 3513 830 3548 in
844 3512 1017 3551 debitum
1033 3524 1128 3559 prce·

235 3553 345 3596 bere.
371 3557 488 3607 (Nov.
512 3566 605 3609 120,
626 3577 718 3614 cap.
747 3567 832 3616 10.)

505 3638 533 3667 1.

2033 186 2150 287 209

175 337 329 384 rums,
370 333 557 389 excepta
595 339 728 379 causa
770 324 1090 385 redemptionis
1138 324 1531 455 gag?},(e;rcepte
1562 336 1674 383 pour
1696 321 1737 370 la
1773 322 2051 385 redemption
2074 322 2157 370 des

1078 410 1081 412 ’
1139 406 1300 452 capis
1396 429 1402 435 .

1218 521 1296 572 La
1318 515 1487 572 chose
1504 515 1672 594 qu'un
1696 515 2016 593 particuiier
2029 537 2163 571 con·

1144 616 1299 650 sacre
1318 616 1464 672 pour
1486 595 1562 650 lui
1579 597 1647 652 de
1666 615 1768 651 son
1790 597 2028 650 autorite
2048 596 2162 670 pri-

1143 677 1242 729 vee
1268 673 1408 729 n‘est
1431 676 1586 750 point
1611 676 1798 730 sacree
1818 718 1831 740 ,
1864 675 2003 728 mais
2033 693 2163 749 pro-

1145 753 1289 808 fane.
1329 757 1405 808 Le
1438 756 1549 808 lieu
1588 773 1684 808 sur
1723 751 1903 828 lequel
1942 766 2041 806 ont
2074 753 2163 805 e'te

1145 831 1446 887 construits
1462 830 1559 887 (les
1576 831 1799 887 edifices
1819 832 2001 886 sacres
2017 843 2164 884 reste

1146 914 1328 972 sacre,
1354 917 1535 966 menie
1559 915 1721 985 apres
1746 909 1795 964 ia
1818 908 2164 964 destruction

1146 988 1223 1043 du
1251 989 1545 1056 batiment,
1573 1010 1793 1044 comme
1822 989 1994 1043 l’e'crit
2016 989 2165 1042 aussi

1149 1070 1431 1141 Pupinien.

1224 1156 1279 1200 9.
1305 1145 1563 1212 Chacun,
1589 1151 1618 1200 ’ἐι
1643 1166 1746 1202 son
1773 1147 1869 1220 gre
1887 1188 1899 1210 ‚
1926 1144 2064 1199 rend
2094 1163 2168 1198 un

1153 1227 1355 1279 terrain
1376 1225 1664 1301 religieux,
1684 1245 1750 1278 en
1770 1223 2069 1278 inhumant
2091 1241 2171 1277 un

1149 1316 1296 1358 mort
1318 1304 1456 1358 dans
1485 1324 1584 1359 son
1615 1323 1818 1380 propre
1850 1302 2032 1357 fonds
2063 1301 2181 1369 t‘ul*

1153 1402 1221 1436 ne
1266 1396 1414 1456 -peut
1466 1382 1756 1447 inhumer‚
1805 1380 2015 1456 malgre
2071 1399 2172 1435 son

1154 1463 1619 1536 coproprietaire‚
1658 1461 1798 1516 dans
1836 1481 1914 1514 un
1963 1460 2171 1514 terrain

1156 1559 1422 1593 commun
1456 1553 1509 1595 et
1535 1560 1674 1616 purg
1711 1544 1882 1604 maiS,
1922 1537 2063 1593 dans
2097 1557 2172 1591 un

1157 1618 1417 1672 tombeau
1479 1638 1742 1672 commun
1765 1679 1767 1681 ,
1802 1623 1830 1671 ἑ]
1894 1615 2173 1692 plusieurs

1160 1716 1468 1769 personnes
1489 1739 1501 1762 ‚
1528 1695 1778 1751 chacune
1816 1692 2004 1750 d'elics
2038 1706 2175 1771 peut

1158 1771 1418 1828 inhumer
1456 1774 1664 1849 maigre
1704 1775 1783 1829 les
1821 1789 2027 1829 autres,
2072 1777 2175 1827 Pa-

1159 1851 1490 1920 reillement‚
1516 1852 1591 1907 s'il
1617 1855 1789 1907 existe
1811 1873 1883 1907 un
1911 1851 2174 1915 usufruit,

1159 1928 1208 1984 le
1236 1933 1598 2005 proprietaire
1623 1952 1689 1985 ne
1715 1930 1912 1986 rendra
1940 1930 1988 1984 le
2012 1927 2176 1984 fonds

1160 2009 1426 2085 religieux
1445 2009 1672 2086 qn'avec
1688 2009 1735 2064 ie
1751 2024 2179 2064 consentement

1159 2086 1229 2142 de
1254 2089 1631 2143 l'usufruitier.
1650 2091 1738 2143 On
1762 2103 1897 2164 peut
1919 2086 2181 2141 inhumer

1162 2163 1297 2222 dans
1342 2165 1391 2220 le
1430 2170 1636 2221 terrain
1678 2166 1915 2221 d'autrui
1957 2185 2092 2220 avec
2129 2164 2179 2218 le

1162 2258 1590 2300 consentement
1646 2245 1719 2299 du
1786 2246 2177 2320 proprietaire3

1163 2337 1216 2376 et
1243 2323 1434 2400 quand
1456 2331 1639 2379 meme
1666 2345 1728 2378 ce
1756 2323 1978 2378 dernier
2003 2343 2072 2377 ne
2096 2341 2181 2376 ra-

1164 2402 1392 2455 tifierait*
1440 2400 1696 2478 qu'apres
1750 2401 2139 2456 l'inhumation
2165 2442 2178 2465 ‚

1166 2477 1611 2554 l'einplacement
1674 2479 1794 2534 n'en
1853 2481 2015 2533 serait
2081 2496 2180 2553 pas

1167 2560 1347 2611 moins
1387 2559 1674 2632 religieux.

1247 2645 1334 2692 10.
1370 2639 1475 2692 Les
1495 2638 1691 2692 choses
1713 2638 1942 2703 saintes,
1965 2655 2183 2690 comme

1170 2712 1247 2767 les
1269 2735 1421 2770 murs
1448 2715 1614 2771 d'une
1634 2716 1762 2771 ville
1782 2729 1836 2770 et
1857 2734 1944 2769 ses
1965 2728 2152 2790 portes
2168 2757 2180 2779 ‚

1169 2807 1324 2860 sont,
1357 2814 1426 2848 en
1457 2795 1696 2872 quelque
1733 2811 1908 2859 sorte,
1939 2794 2008 2847 de
2039 2792 2187 2847 droit

1225 2951 1276 3004 (ί)
1293 2958 1396 2993 Nous
1416 2957 1603 2994 decidens
1622 2957 1718 3004 qu'il
1735 2965 1784 2992 ne
1805 2965 1890 2993 sera
1909 2958 2086 3003 permista
2104 2967 2188 3004 per-

1170 3021 1292 3048 sonne
1310 3011 1359 3049 de
1379 3013 1541 3055 vendre,
1569 3013 1840 3060 hypothequer
1864 3022 1916 3049 ou
1940 3024 2105 3060 engager
2134 3013 2188 3048 tes

1170 3077 1277 3104 vases
1294 3078 1344 3104 ou
1372 3069 1425 3106 les
1456 3068 1671 3106 veteinents
1697 3070 1821 3105 sacres
1842 3069 1883 3105 ni
1907 3069 1959 3105 tes
1980 3074 2109 3107 autres
2130 3066 2188 3103 of·

1171 3122 1341 3167 fraudes,
1365 3126 1521 3172 excepte
1545 3136 1594 3162 en
1622 3135 1685 3163 cas
1708 3125 1756 3162 de
1787 3126 1972 3173 captivit&
1994 3136 2047 3163 ou
2068 3125 2116 3161 de
2135 3124 2191 3161 fa·

1174 3189 1296 3216 mine.
1781 3187 1805 3203 ‘

1228 3347 1293 3383 S’il
1314 3347 1442 3383 arrive
1458 3346 1581 3393 qu'nn
1597 3345 1646 3384 de
1670 3357 1734 3384 ces
1756 3348 1858 3384 lieux
1878 3346 2100 3386 venerabtes
2121 3347 2195 3382 soit

1175 3404 1290 3448 greve
1310 3402 1358 3438 de
1374 3402 1515 3445 dettes,
1531 3412 1630 3440 nous
1651 3406 1893 3450 permettons
1914 3402 1962 3438 de
1979 3402 2125 3439 vendre
2145 3411 2196 3437 ou

1176 3459 1224 3494 de
1241 3457 1378 3494 tondre
1394 3459 1447 3494 tes
1461 3468 1570 3494 vases
1591 3459 1797 3508 supernus,
1824 3463 1862 3496 et
1882 3458 1972 3495 d'en
1994 3458 2148 3494 donner
2162 3457 2199 3492 te

1177 3515 1261 3562 prix
1283 3524 1331 3550 en
1349 3515 1560 3560 paiement.

1911 3636 1959 3673 14
