2346 3952
780 226 944 268 LIVRE
989 227 1039 278 1,
1089 225 1258 266 'rl'snss'
1299 228 1449 268 ssx-xvt.

149 352 370 417 pectum
393 337 666 392 removeri
693 332 839 388 idem
872 337 903 388 J
911 332 1035 387 ulia-

151 439 255 473 nus
289 417 598 492 rescripsit,
630 428 683 468 et
719 412 1032 467 secundum

149 518 276 552 eum
299 497 660 551 constitutum
687 505 788 546 est.

227 587 282 632 6.
312 576 610 647 Suspectus
635 584 824 624 autem
851 589 1034 623 remo-

151 670 260 721 tus,
284 655 330 709 si
354 647 576 727 quidem
611 647 683 702 ob
717 646 907 703 dolum
926 691 938 714 ,
965 647 1036 701 fa-

151 751 339 788 mosus
361 742 476 784 est:
500 731 544 783 si
567 726 639 781 ob
661 724 902 804 culpam,
924 747 1035 782 nou

154 830 328 887 aeque.

230 900 280 944 7.
306 887 356 942 Si
379 886 504 962 quis
529 897 719 939 autem
741 899 1036 960 suspectus

152 963 484 1042 postulatur,
544 963 732 1039 quoad
795 963 1037 1038 cognitio

151 1040 762 1108 finiatur,interdicitur
797 1044 845 1096 ei
872 1039 1038 1095 admi-

150 1123 419 1188 nistratiO,
441 1134 504 1175 ut
530 1121 833 1195 Papiniano
856 1123 1037 1175 visum

153 1214 255 1256 est.

230 1287 283 1335 8.
308 1276 410 1333 Sed
439 1279 484 1332 si
519 1278 765 1352 suspecti
798 1277 1038 1352 cognitio

152 1370 410 1432 suscepta
471 1356 636 1410 fuerit
659 1399 673 1422 ,
734 1370 1040 1431 posteaque

154 1448 303 1489 tutor
340 1433 428 1488 vel
472 1446 694 1488 curator
726 1434 1040 1495 decesserit,

154 1513 491 1586 extinguitur
515 1514 758 1588 suspecti
780 1514 1037 1587 cognitio,

231 1602 285 1647 9.
313 1593 364 1645 Si
386 1592 509 1666 quis
542 1604 689 1645 tutor
718 1593 934 1666 copiam
959 1591 1041 1644 sui

155 1688 267 1723 non
284 1669 442 1722 faciat
454 1711 466 1734 ,
480 1682 540 1722 ut
553 1668 816 1723 alimenta
832 1668 1042 1746 pupillo

154 1746 546 1813 decernantur,
567 1761 794 1803 cavetur
814 1747 1042 1824 epistola

155 1822 414 1881 divorum
442 1827 624 1881 Severi
665 1840 720 1881 et
756 1828 1038 1893 Antonini,

153 1906 295 1959 utin
327 1906 734 1980 possessionem
762 1905 1040 1960 bonorum

155 1979 275 2058 ejus
292 1981 537 2058 pupillus
554 1985 821 2052 mittatur,
846 1998 899 2040 et
917 2003 1043 2061 quae

156 2080 313 2115 mora
356 2061 626 2116 deteriora
668 2062 856 2118 futura
891 2076 1039 2128 sunt,

157 2137 287 2194 dato
313 2153 568 2195 curatore
591 2139 821 2195 distrahi
847 2140 1044 2218 juben·

160 2232 265 2272 tur.
295 2221 435 2293 Ergo
459 2233 520 2272 ut
541 2234 833 2295 suspectus
859 2241 1042 2275 remo-

158 2298 270 2350 veri
296 2299 517 2371 poterit,
542 2300 635 2374 qui
668 2319 780 2353 non
817 2311 1046 2375 praestat

158 2373 439 2430 alimenta.

240 2461 329 2508 10.
377 2451 482 2507 Sed
526 2456 572 2507 si
623 2457 746 2530 quis
798 2475 1044 2531 praesens

160 2545 325 2605 negat
369 2546 595 2607 propter
646 2535 887 2609 inopiam
943 2534 1044 2588 ali-

161 2623 348 2663 menta
374 2629 485 2664 non
523 2630 685 2684 posse
720 2612 975 2679 decerni,
1000 2612 1044 2667 si

159 2685 266 2740 hoc
328 2707 426 2762 per
467 2689 820 2745 mendacium
881 2691 1042 2755 dicat,

160 2765 556 2820 remittendum
619 2789 750 2824 eum
802 2789 921 2824 esse
946 2827 950 2831 ,
975 2769 1044 2824 ad

162 2844 488 2916 praefectum
517 2846 666 2901 urbis
694 2847 1046 2924 puniendum

164 2919 404 2995 placuit:
434 2925 577 2978 sicut
606 2924 696 2980 ille
730 2929 1043 2987 remittitur,

164 3000 258 3074 qui
289 2999 414 3055 data
453 3006 689 3078 pecunia
731 3007 1047 3060 ministeriis

164 3076 395 3133 tutelam
421 3081 671 3136 redemit.

244 3166 334 3210 11.
384 3159 637 3214 Libertus
694 3181 921 3238 quoque
946 3205 958 3228 ,
1005 3164 1049 3216 si

165 3231 545 3291 fraudulenter
563 3239 789 3293 tutelam
807 3241 1047 3294 filiorum

166 3309 248 3362 vel
275 3329 539 3388 nepotum
574 3321 792 3392 patroni
818 3321 1052 3393 gessisse

152 3387 447 3459 probetur,
464 3392 535 3447 ad
556 3396 880 3470 praefectum
898 3398 1052 3452 'urbis

173 3468 464 3524 remittitur
486 3474 822 3547 puniendus.

1979 214 2103 271 ‘201'

1084 347 1308 409 suspect
1333 378 1345 399 ,
1405 335 1627 388 suivant
1698 332 1959 410 l'opiuiou
2024 334 2097 390 du

1083 419 1265 467 meme
1289 412 1474 467 Julien
1494 457 1505 477 ,
1537 412 1836 469 confirmee
1864 435 1965 491 par
1987 434 2097 469 une

1084 505 1463 546 constitution.

1161 581 1215 625 6.
1254 573 1329 624 Le
1367 583 1595 644 suspect
1619 572 1802 625 ecartc'·
1839 591 1983 646 pour
2005 569 2095 626 dol

1086 664 1318 703 encourt
1355 647 1641 716 l'infamie3
1677 669 1827 724 pour
1868 649 2035 716 faute,
2063 649 2099 705 il

1085 727 1202 782 n’en
1230 741 1312 782 est
1338 746 1438 802 pas
1462 726 1530 782 de
1557 733 1756 782 meme.

1164 896 1217 940 7.
1276 882 1621 961 Lorsqu’une
1675 903 1957 960 personne
2019 899 2103 939 est

1089 965 1401 1035 poursuivie
1438 983 1655 1016 comme
1698 976 1959 1038 suspecte
1983 1007 1997 1025 ,
2026 984 2099 1017 on

1086 1040 1165 1094 lui
1198 1041 1426 1095 interdit
1459 1039 1936 1096 l'administration
1965 1062 2099 1118 pen-

1072 1118 1222 1173 'dant
1242 1132 1396 1173 toute
1423 1118 1474 1173 la
1517 1118 1690 1176 dure'e
1725 1120 1794 1173 de
1828 1118 2101 1175 l'instruc-

1089 1199 1223 1252 tion.
1248 1197 1349 1253 Tel
1366 1215 1447 1252 est
1470 1195 1620 1252 l'avis
1643 1198 1712 1253 de
1734 1200 2018 1273 Papinien.

1166 1286 1218 1332 8.
1263 1275 1698 1344 L'instruction,
1743 1279 2103 1331 commencee

1089 1368 1282 1409 contre
1324 1354 1374 1409 le
1415 1369 1601 1410 tuteur
1640 1371 1692 1409 et
1733 1353 1782 1409 le
1840 1368 2104 1410 curateur

1091 1446 1334 1507 suspect,
1364 1432 1577 1488 s'eteint
1616 1436 1839 1512 lorsque
1876 1433 2103 1489 celui-ci

1091 1510 1314 1566 decede.

1167 1602 1220 1647 9.
1243 1593 1296 1646 Si
1313 1589 1361 1645 le
1383 1602 1567 1644 tuteur
1587 1611 1657 1646 ne
1677 1596 1984 1666 comparuit
2001 1611 2102 1667 pas

1092 1690 1233 1746 pour
1263 1670 1397 1723 faire
1431 1668 1571 1724 fixer
1606 1669 1685 1725 les
1731 1671 1986 1724 aliments
2026 1668 2103 1724 du

1090 1747 1331 1825 pupille,
1365 1768 1444 1802 un
1486 1750 1679 1803 rescrit
1706 1747 1774 1803 de
1814 1751 2011 1804 Severe
2051 1763 2106 1803 et

1092 1828 1330 1881 Antonin
1349 1840 1510 1902 porte
1540 1847 1649 1903 que
1668 1826 1719 1881 le
1738 1825 1950 1902 pupille
1984 1847 2107 1881 sera

1091 1907 1304 1981 envoye
1319 1925 1388 1959 en
1405 1909 1721 1981 possession
1734 1905 1831 1960 des
1850 1905 2006 1959 biens
2025 1903 2103 1960 du

1091 1997 1296 2051 tuteur,
1324 1997 1375 2038 et
1399 2004 1507 2060 que
1535 1984 1616 2039 les
1657 1982 1852 2039 choses
1880 2004 2104 2060 suscep-

1092 2062 1254 2117 tibles
1275 2061 1345 2117 de
1371 2061 1595 2138 deperit·
1637 2076 1827 2134 seront
1858 2062 2104 2118 vendues

1091 2145 1253 2216 apres
1278 2144 1626 2196 nomination
1654 2140 1786 2196 d’un
1824 2156 2102 2197 curateur.

1093 2223 1181 2274 On
1220 2234 1358 2295 peut
1402 2218 1548 2274 donc
1612 2224 1826 2289 ecarter
1889 2240 2104 2275 comme

1093 2298 1474 2374 suspectcelui
1493 2300 1587 2376 qui
1609 2298 2105 2376 nefournitpasles

1093 2378 1370 2432 alimentS.

1173 2465 1262 2512 10.
1282 2458 1425 2510 Mais
1445 2457 1490 2510 si
1506 2454 1555 2509 le
1575 2462 2102 2531 tuteurcomparait,

1096 2548 1149 2588 et
1188 2532 1424 2609 pretend
1470 2553 1577 2610 que
1616 2535 1667 2590 la
1718 2538 1980 2610 pauvrete'
2030 2535 2106 2588 du

1095 2611 1303 2688 pupille
1325 2610 1593 2688 empeche
1627 2613 1696 2667 de
1729 2614 1865 2667 fixer
1908 2612 1988 2667 les
2019 2613 2112 2667 ali·

1098 2705 1299 2757 mentS,
1350 2711 1419 2745 en
1461 2710 1552 2745 cas
1596 2692 1663 2746 de
1705 2711 2028 2766 mensonge,
2070 2691 2103 2745 il

1097 2790 1217 2824 sera
1242 2773 1502 2846 renvoye,
1528 2791 1675 2844 pour
1700 2776 1815 2825 etre
1842 2774 1995 2844 puni,
2023 2770 2108 2824 dc-

1097 2863 1225 2902 vant
1245 2849 1296 2903 le
1323 2849 1501 2924 pre'fet
1530 2848 1599 2902 de
1626 2848 1676 2902 la
1716 2848 1860 2914 ville,
1888 2868 2107 2903 comme

1095 2947 1168 2981 on
1211 2948 1243 3002 y
1289 2930 1514 2982 renvoie
1564 2929 1885 3003 quiconque
1930 2930 2110 2981 aurait

1098 3010 1239 3081 paye
1263 3005 1341 3060 les
1380 3004 1726 3061 subalternes
1752 3026 1896 3082 pour
1918 3006 2107 3060 rache-

1098 3099 1181 3139 ter
1202 3086 1254 3140 la
1276 3083 1490 3139 tutelle.
1512 3146 1531 3149 „
1570 3080 1575 3086 ’

1177 3177 1266 3218 11.
1295 3160 1630 3218 L'affranchi
1656 3164 1963 3217 convaincu
2001 3162 2110 3217 (Γει-

1099 3245 1217 3296 voir
1284 3239 1804 3296 frauduleusement
1867 3245 1993 3316 gere
2057 3241 2109 3294 la

1101 3320 1289 3374 tutelle
1328 3319 1424 3373 des
1466 3318 1684 3373 enfants
1715 3340 1784 3373 ou
1822 3321 2108 3396 petits-en·

1103 3398 1242 3452 fants
1263 3397 1330 3452 de
1354 3418 1452 3451 son
1470 3410 1690 3471 patron,
1708 3397 2112 3472 estegalement

1104 3479 1361 3551 rcnvoye,
1405 3495 1545 3549 pour
1585 3482 1700 3529 eti-e
1727 3478 1881 3552 puni,
1907 3474 2110 3529 devant

1105 3554 1152 3609 le
1174 3556 1350 3630 pretet
1376 3552 1516 3608 dela
1539 3553 1681 3609 ville.
