2346 3952
760 159 943 224 LIVRE'
972 183 1041 234 11,
1091 182 1255 221 TrrRE
1302 181 1374 221 w.

1928 162 2039 218 301

56 313 165 355 ,sae
206 293 605 368 usucapionem
638 309 751 344 non
794 291 972 364 parit:
1028 291 1151 342 titre
1194 307 1264 341 ne
1320 285 1546 361 produit
1597 287 1752 359 point
1791 281 2048 338 d’usuca-

92 371 258 428 veluti
286 374 331 425 si
354 372 505 447 quiS‚
531 388 658 424 cum
685 386 796 421 non
821 387 974 420 eme«
1024 369 1154 441 pion
1198 387 1208 419 :
1248 384 1349 440 par
1394 363 1679 437 exemple,
1732 362 1956 438 lorsque
1998 362 2046 416 le

87 452 174 516 rit,
199 452 481 519 emisse-se
502 446 823 507 existimans
852 464 977 519 pos·
1027 463 1350 519 possesseur
1406 443 1498 519 qui
1562 439 1646 495 n'a
1708 441 1804 494 fait
1859 460 2045 494 aucun

89 526 297 594 sideat,
337 525 420 581 vel
457 545 584 580 cum
619 524 666 577 ei
707 522 972 575 donatum
1023 521 1184 575 achat
1208 520 1493 594 s'iniagine
1531 522 1683 573 avoir
1716 517 1936 578 achete;
1969 537 2043 572 ou

89 626 202 660 non
220 598 975 680 fuerit‚quasiexdonatione
1024 598 1264 677 lorsqu'il
1309 597 1548 673 possede
1574 641 1586 663 ‚
1627 616 1844 651 comme
1872 596 2045 650 dona-

91 684 381 760 possideat.

170 770 260 816 12.
291 759 508 814 Diutina
541 757 816 833 possessio
850 776 975 832 quae

1025 679 1179 744 taire,
1194 697 1256 731 ce
1274 697 1347 752 qu
1366 697 1435 730 on
1455 697 1524 730 ne
1540 673 2038 749 luiapointdonne.

1104 765 1191 808 12.
1219 759 1296 808 La
1322 755 1525 830 longue
1548 754 1872 827 possession
1897 754 2042 828 quia

89 831 351 913 prodesse
400 851 636 910 coeperat
675 833 973 900 defunctO,
1024 836 1346 887 commence.
1379 838 1408 886 a
1449 832 1675 909 profiter
1711 851 1782 885 au
1819 830 2042 896 defunt,

91 929 147 969 et
171 914 358 969 heredi
384 928 437 967 et
465 912 736 967 bonorum
763 932 976 987 posses·
1024 913 1286 966 continue
1327 931 1472 986 pour
1511 910 1768 964 l'heritier
1803 929 1874 962 ou
1903 928 2050 984 pour

90 994 200 1046 sori
255 993 610 1046 continuatur
636 1034 648 1056 ,
691 988 818 1043 licet
858 991 976 1065 ipse
1025 988 1074 1043 le
1131 1008 1459 1063 possesseur
1503 988 1570 1043 de
1610 987 1766 1042 biens
1792 1030 1804 1051 ‚
1859 984 2047 1063 quand

87 1072 225 1124 sciat
243 1068 510 1145 praedium
535 1067 974 1136 alienum.Qno(l
1003 1071 1210 1124 ,meme
1256 1066 1289 1120 il
1331 1069 1538 1121 saurait
1578 1064 1750 1120 n'etre
1796 1086 1894 1139 pas
1921 1085 2049 1140 pro-

90 1149 134 1202 si
160 1149 376 1201 initium
395 1151 610 1219 justum
635 1166 741 1200 non
765 1145 977 1212 habuit,
1003 1125 1283 1219 lprietaire
1319 1143 1390 1198 (lu
1433 1145 1623 1210 fonds3
1662 1145 1800 1197 mais
1835 1142 1886 1196 lu
1919 1163 2052 1218 pos-

90 1219 282 1280 heredi
298 1240 351 1279 et
363 1225 634 1279 bonorum
655 1226 976 1299 possessori,

90 1301 216 1357 licet
237 1304 510 1378 ignoranti
526 1345 551 1369 ,ι
568 1303 844 1378 possessio
867 1322 995 1355 non·

93 1379 334 1456 prodest.
365 1382 527 1450 Quod
560 1395 749 1434 nostra
779 1381 1008 1433 constiae

96 1460 232 1512 tutio
254 1457 507 1512 similiter
531 1471 583 1511 et
608 1460 662 1511 in
683 1459 983 1530 usucapio·

97 1535 261 1598 nibus
283 1536 560 1590 observari
593 1537 900 1602 constituit,
923 1550 984 1589 ut

95 1627 346 1690 tempora
368 1615 773 1669 continuentur.

133 1888 136 1889 ν
175 1857 265 1904 13.
291 1849 444 1902 Inter
476 1846 815 1902 venditorem
842 1869 981 1925 quo-

97 1943 205 2000 que
257 1938 312 1979 et
362 1940 670 2001 emptorem
717 1924 980 2003 conjungi

99 2015 346 2078 tempora
378 2002 489 2058 dievi
518 2006 751 2060 Severus
787 2018 841 2059 et
868 2011 990 2059 An:

99 2083 323 2134 ton'inus
356 2085 778 2157 rescripserunt.
832 2101 834 2103 ·
975 2093 977 2095 ’

136 2168 272 2216 alu.
305 2157 497 2230 Edicto
536 2158 646 2213 divi
677 2163 859 2229 *Ma-rei
883 2168 984 2215 ¹ea-

98 2248 283 2306 ve'tur‚
331 2253 458 2290 eum
497 2239 589 2315 qui
630 2259 663 2291 a
706 2237 841 2292 fisco
866 2259 981 2293 rem

94 2314 342 2374 alienam·
365 2316 523 2381 emit,
562 2317 615 2368 si¹
631 2331 766 2391 post
791 2316 983 2370 vendi-

98 2395 304 2447 tionem
353 2394 792 2468 quinquennium
839 2414 980 2468 prae-

97 2470 319 2533 terierit,
330 2489 491 2544 posse
502 2472 786 2524 dominum
802 2473 876 2525 rei
888 2492 988 2547 per

98 2549 475 2623 exceptionem
503 2547 791 2623 repellere.

163 2690 191 2717 *
213 2693 476 2741 Constitutio
498 2698 648 2740 autem
670 2693 788 2741 divae
819 2707 988 2741 memo-

99 2757 126 2786 *
149 2761 228 2807 riae
244 2762 430 2809 Zenonis
450 2760 563 2808 bene
582 2762 812 2822 prospexit
836 2762 893 2808 iis
912 2762 989 2821 qui

101 2824 128 2851 ³¹⁵
149 2841 178 2873 a
197 2829 302 2875 fisco
321 2843 402 2889 per
430 2829 730 2876 venditionem
751 2836 829 2893 aut
852 2829 990 2875 dona-

102 2891 130 2918 *
154 2894 316 2941 tionem
342 2895 412 2943 vel
443 2896 578 2941 alium
617 2896 798 2942 titulum
822 2896 988 2955 aliquid

101 2956 408 3022 *'accipiunt‚
435 2970 486 3009 ut
519 2964 606 3023 ipsi
636 2963 817 3022 quidem
842 2964 988 3009 securi

101 3023 131 3052 '⁵
153 3030 304 3074 statim
323 3029 454 3089 fiant-K,
483 3036 527 3076 et
551 3030 744 3078 victores
776 3030 986 3085 existant,

103 3089 132 3118 ³*
153 3095 248 3142 sive
270 3096 562 3157 'experiantur
599 3098 694 3143 sive
722 3098 991 3144 convenian-

104 3160 131 3186 *
152 3167 239 3220 tur;
253 3163 468 3210 adversus
476 3170 625 3211 autem
637 3165 992 3211 sacratissimum

105 3226 130 3251 ³¹*
154 3230 360 3275 aerarium
390 3244 530 3290 usque
565 3232 621 3277 ad
647 3232 992 3291 quadriennium

108 3293 132 3318 ³*
151 3294 283 3343 liceat
305 3298 534 3344 intendere
560 3299 615 3344 iis
639 3301 717 3357 qui
750 3313 829 3358 pro
853 3299 994 3345 domi-

111 3355 135 3382 *
159 3361 230 3407 nio
263 3363 334 3409 vel
367 3364 618 3424 hypotheca
653 3379 805 3412 earum
844 3380 991 3411 rerum

111 3423 136 3448 *¹
156 3441 257 3486 quae
308 3429 512 3478 alienatae
554 3439 683 3487 sunt,
736 3435 997 3493 putaverint

111 3495 132 3513 lp

164 3494 246 3539 sibi
266 3497 480 3555 quasdam
503 3507 755 3559 competere
777 3502 992 3547 actiones.

1028 1225 1242 1276 session
1270 1222 1344 1276 du
1368 1222 1580 1287 delum,
1616 1219 1929 1297 lorsqu'elle
1962 1220 2050 1274 n‘a

1031 1321 1130 1375 pas
1163 1305 1485 1357 commence
1507 1299 1954 1375 regulierement‚
1978 1319 2050 1354 ne

1028 1377 1228 1453 profite
1248 1381 1401 1454 point
1418 1384 1449 1433 a
1465 1378 1726 1434 l'lieritier
1745 1399 1817 1432 ou
1831 1399 1903 1432 au
1917 1398 2049 1454 pos-

1031 1456 1334 1511 sesseurde
1357 1456 1535 1523 biens,
1556 1456 1766 1531 malgre
1785 1475 1845 1510 sa
1864 1456 2047 1510 bonne

1029 1533 1122 1588 foi.
1147 1538 1274 1588 'Une
1299 1532 1368 1589 dc
1395 1556 1495 1590 nos
1520 1536 1911 1590 constitutions
1938 1537 2049 1589 eta-

1029 1610 1133 1666 blit
1178 1632 1287 1689 que
1331 1613 1382 1667 la
1430 1616 1744 1689 possession
1770 1624 1846 1667 ‘se
1887 1615 2052 1667 conti·

1033 1710 1206 1744 nuera
1229 1690 1298 1745 ‘de
1322 1698 1504 1746 nieme
1527 1702 1597 1747 en
1618 1692 1849 1746 matiere
1871 1690 2051 1746 d'usu-

1031 1770 1249 1844 capion.

1110 1856 1201 1902 13.
1227 1850 1397 1901 Entre
1427 1844 1479 1901 le
1499 1847 1752 1903 vendeul·
1774 1863 1826 1901 et
1848 1845 2047 1902 l’ache-

1031 1938 1242 1978 teuron
1267 1924 1404 1995 joint
1425 1927 1576 1980 aussi
1597 1926 1676 1980 les
1699 1928 1924 1992 τιτιηέθε,
1950 1929 2071 1980 sui-·

1031 2018 1161 2058 vant
1182 2024 1255 2057 un
1286 2006 1481 2059 rescrit‘
1501 2003 1598 2059 des
1622 2025 1946 2080 enipereurs
1969 2007 2053 2061 Se-

935 2090 938 2100 ‘
990 2089 994 2095 ⁴
1032 2084 1157 2153 vere
1182 2097 1234 2135 et
1259 2084 1520 2137 Antonin.

1110 2171 1201 2218 14.
1230 2160 1457 2236 D'apres
1491 2182 1565 2215 un
1592 2160 1706 2216 edit
1727 2159 1795 2216 de
1819 2159 2047 2237 l'empe-

1032 2257 1163 2291 reur
1178 2239 1567 2304 Marc-Aurele,
1585 2240 1729 2312 celui
1746 2241 1840 2316 qui
1855 2239 2050 2307 achete
2080 2285 2082 2287 >

1032 2336 1113 2371 au
1142 2315 1241 2369 fisc
1284 2315 1338 2370 la
1377 2319 1545 2372 chose
1593 2316 1832 2374 d'autrui
1879 2335 2011 2395 peut
2036 2361 2049 2385 ‚

1033 2397 1192 2466 apres
1226 2413 1299 2446 un
1336 2395 1624 2449 intervalle
1666 2395 1890 2473 decinq
1916 2416 2048 2463 anS,

1036 2489 1330 2545 repousser
1357 2471 1407 2526 le
1427 2466 1789 2549 proprietai're
1812 2494 1913 2550 par
1938 2494 2050 2530 unc

1035 2551 1344 2623 exception.

1104 2694 1217 2740 Mais
1252 2694 1433 2750 Zenon,
1470 2694 1528 2742 de
1560 2696 1712 2743 divine
1746 2696 1987 2753 memoire,
2028 2713 2054 2747 a

1036 2762 1212 2808 montre
1238 2776 1325 2808 une
1359 2775 1471 2822 sage
1502 2764 1784 2824 prevoyance
1806 2775 1920 2824 pour
1943 2779 2057 2813 ceux
2084 2767 2088 2770 ”

1036 2829 1061 2873 a
1084 2830 1159 2888 qui
1186 2828 1228 2876 le
1249 2829 1330 2876 fisc
1359 2836 1575 2877 transmet
1594 2831 1788 2890 quelque
1815 2832 1950 2879 chose
1972 2847 2055 2893 par

1037 2902 1196 2949 vente,
1218 2896 1427 2944 donation
1459 2911 1514 2943 ou
1550 2905 1646 2944 tout
1680 2905 1808 2945 autre
1837 2900 1958 2945 titre.
1998 2900 2057 2948 Sa

1037 2962 1328 3009 constitution
1362 2963 1460 3011 leur
1497 2965 1643 3012 donne
1678 2966 2060 3014 immediatement

1039 3030 1266 3085 securim,
1303 3038 1348 3077 et
1380 3031 1477 3078 leur
1511 3045 1670 3078 assure
1709 3034 1812 3092 gain
1842 3034 1900 3083 de
1923 3048 2060 3082 cause

1039 3096 1152 3143 dans
1176 3098 1240 3144 les
1261 3101 1419 3158 proces
1446 3100 1581 3158 qu'ils
1605 3100 1915 3147 soutiendront
1939 3107 2059 3148 com-

1040 3174 1111 3211 me
1134 3166 1435 3212 demandeurs
1462 3180 1518 3212 ou
1550 3180 1724 3227 comme
1760 3167 2056 3223 defendeurs.

1040 3232 1145 3296 sakuf
1183 3232 1223 3278 le
1264 3246 1447 3278 recours
1484 3248 1572 3292 que
1620 3242 1835 3294 pourront
1864 3250 2059 3283 -exercer

1042 3300 1411 3359 pendantquatre
1435 3314 1533 3355 ans,
1557 3309 1711 3348 contre
1736 3302 1776 3348 le
1803 3303 1947 3350 tresor
1970 3305 2060 3348 im-

1042 3366 1206 3424 perial,
1256 3380 1367 3412 ceux
1407 3368 1482 3425 qui
1519 3369 1714 3415 croiront
1749 3371 1874 3415 avoir
1911 3372 2059 3415 action

1044 3446 1155 3493 pour
1189 3433 1312 3480 leurs
1339 3434 1480 3480 droits
1502 3434 1558 3481 de
1583 3436 1809 3497 propriete
1842 3450 1898 3482 ou
1923 3436 2060 3496 d'hy·

1046 3501 1267 3562 potheque
1293 3514 1371 3546 sur
1395 3501 1460 3547 les
1495 3502 1641 3561 objets
1675 3504 1855 3551 alienes.
1890 3505 1987 3549 Une
2007 3503 2063 3548 de
