2340 3880
0 979 47 1078 ’,ξ

0 372 968 615 ὲΙΝ3ΤΙΤ3ΤΕ3
1041 494 1234 635 DE
1317 493 2069 617 JUSTINIEN

540 727 965 782 TRADUITES
1003 729 1096 782 ET
1136 718 1630 796 EXPLIQUEES.

423 1085 781 1144 PROOEMIUM.

162 1370 200 1400 vi
230 1370 378 1400 Nouum:
406 1370 544 1400 nomm
578 1372 718 1402 Nos‘rm
745 1372 835 1403 JESU
864 1371 1035 1402 CHRISTI·

1102 1083 1558 1145 cONsrlrnrmN
1591 1071 2074 1145 mmmmm.

1523 1240 1599 1252 ——ae

1159 1371 1209 1400 Au
1228 1372 1309 1402 non
1330 1372 1382 1401 niz
1397 1370 1743 1403 nomn-serenum
1758 1360 2046 1402 nisus-emusr.

55 1482 68 1491 ³
118 1476 333 1522 Imperator
347 1477 471 1512 Caesar
496 1477 670 1513 Furius
686 1480 958 1519 JUSTthAm'S,
981 1477 1069 1512 Ala·
1119 1478 1372 1522 L'empereur
1396 1476 1511 1514 Cesar
1530 1480 1704 1515 Fctum-:N
1725 1479 1948 1519 JUSTlNiEN,
1966 1475 2079 1513 vain-

4 3442 74 3473 a*

175 1531 348 1567 manicas
365 1557 375 1573 ,
406 1531 595 1568 Gothicus
612 1561 621 1576 ,
643 1535 850 1569 Francicus
866 1561 875 1575 ,
913 1536 1070 1568 Germa·

173 1586 284 1623 nicus
300 1615 310 1628 ,
347 1589 509 1623 Anticus
527 1614 538 1631 ,
572 1589 775 1631 Alanicus,
810 1587 1040 1624 vandalicus
1056 1616 1066 1630 ‚

173 1639 377 1678 Africanus
393 1669 403 1684 ,
439 1643 527 1688 pius
542 1670 551 1686 ,
586 1642 672 1679 felix
687 1672 698 1687 ,
721 1644 887 1687 inclytus
904 1671 914 1686 ,
942 1644 1070 1679 victor

174 1705 219 1733 30
251 1697 538 1743 triumphator,
574 1708 727 1745 semper
757 1702 950 1744 Augustus
966 1727 976 1743 ,
1000 1708 1066 1735 cu-

174 1749 275 1800 pidae
290 1753 419 1796 legum
434 1755 647 1798 juventuti.

187 1888 521 1951 Imperatoriam
553 1891 833 1951 majestatem
873 1904 960 1936 non
997 1903 1067 1936 so-

120 1953 211 2002 lum
233 1959 371 2003 armis
390 1958 669 2013 decoratam,
698 1959 778 2005 sed
803 1959 936 2005 etiam
959 1958 1066 2016 legi-

122 2020 207 2068 b'us
223 2031 396 2083 oportet
417 2038 518 2071 esse
540 2032 784 2081 armatam,
814 2033 865 2072 ut
895 2033 1066 2071 utrum-

122 2102 211 2148 que
233 2097 409 2151 tempus
431 2098 475 2137 et
498 2092 714 2139 bellorum
731 2099 776 2140 et
799 2094 922 2152 pacis
947 2098 1068 2139 recte

122 2157 265 2216 possit
278 2159 546 2218 gubernari·;
566 2167 611 2206 et
626 2162 836 2219 princeps
855 2174 1067 2206 romanus

123 2224 266 2270 victor
288 2225 450 2272 existat
473 2241 561 2272 non
586 2227 730 2273 solum
758 2228 801 2272 in
829 2228 1067 2274 hostilibus

120 2290 307 2350 praeliis,
347 2293 426 2338 sed
460 2294 592 2340 etiam
622 2309 701 2355 per
725 2295 947 2353 legitimos
971 2302 1066 2341 tra·

119 2356 253 2403 mites
289 2359 654 2407 calumniantium
697 2363 952 2420 iniquitates
988 2376 1070 2408 ex—

120 2423 316 2482 pellens,
344 2433 390 2472 et
421 2428 496 2472 fiat
522 2434 612 2472 tam
634 2429 750 2488 juris
775 2429 1068 2487 religiosissi-

121 2503 248 2550 mus,
307 2507 441 2552 quam
483 2495 614 2542 victis
660 2495 864 2541 hostibus
915 2496 1071 2541 trium-

121 2556 294 2616 phator.

193 2630 250 2672 1.
297 2625 494 2681 Quorum
529 2635 766 2689 utramque
804 2630 922 2677 viam
967 2643 1070 2675 cum

120 2694 312 2739 summis
330 2695 497 2753 vigiliis
514 2710 778 2756 summaque
794 2696 1072 2758 providentia

121 2767 348 2807 annuente
374 2763 463 2808 Deo
492 2764 777 2823 perfecimus.
809 2766 863 2810 Et
889 2763 1074 2810 bellicos

122 2828 302 2885 quidem
353 2829 539 2876 sudores
587 2838 765 2878 nostros
823 2831 1075 2877 barbaricae

122 2901 282 2952 gentes
311 2896 395 2941 sub
419 2898 531 2956 juga
565 2905 717 2944 nostra
749 2899 957 2945 deductae
995 2911 1075 2944 co-

123 2969 370 3018 gnoscunt,
410 2971 454 3010 et
493 2971 583 3010 tam
619 2965 770 3011 Africa
801 2980 935 3025 quam
977 2965 1078 3011 aliae

125 3040 376 3075 numerosae
398 3032 667 3089 provinciae,
695 3040 796 3092 post
817 3039 940 3079 tanta
966 3039 1078 3078 tem—

124 3107 282 3154 porum
318 3099 462 3157 spatia
496 3100 662 3145 nostris
698 3101 897 3146 victoriis
931 3113 958 3145 a
989 3113 1078 3146 coe-

79 3181 97 3192 11
126 3160 228 3207 lesti
262 3164 444 3211 numine
476 3167 690 3224 praestitis
726 3167 889 3213 iterum
922 3167 1078 3212 ditioni

127 3241 322 3276 romanae
371 3239 610 3293 nostroque
656 3234 822 3279 additae
863 3236 1074 3293 imperio,

127 3302 446 3355 protestantur.
478 3298 646 3346 Omnes
684 3315 787 3347 vero
821 3302 970 3360 populi
1012 3302 1079 3347 le-

111 3362 259 3420 gibus
297 3366 390 3424 ν1331
427 3379 452 3410 3
501 3368 627 3414 nobis
672 3369 967 3427 promulgatis
1012 3369 1080 3415 vel

130 3432 387 3488 compositis
412 3442 649 3492 reguntur.

200 3499 257 3542 2.
285 3500 466 3545 Etcum
503 3503 832 3549 sacratissimas
865 3505 1082 3550 constitu-

15 3534 91 3602 Q*
134 3561 272 3609 tiones
310 3572 442 3613 antea
480 3569 691 3615 confusas
729 3570 772 3615 in
812 3571 1081 3617 luculentam

38 3629 57 3655 ‘51

4 3652 75 3847 ξ

430 3657 458 3685 1.

1172 1541 1299 1578 queur
1316 1532 1382 1569 des
1396 1534 1592 1575 Alemans,
1604 1533 1671 1569 des
1683 1533 1822 1575 Goths‚
1833 1531 1900 1568 des
1918 1535 2078 1575 Francs‚

1174 1587 1240 1623 des
1266 1590 1489 1630 Germains,
1504 1588 1572 1625 des
1587 1592 1720 1631 Amos,
1740 1588 1807 1625 des
1827 1588 1960 1624 Alains
1974 1615 1983 1630 ,
2013 1586 2082 1624 des

1173 1642 1380 1688 vandales,
1414 1644 1481 1680 des
1502 1643 1708 1686 Africains,
1729 1646 1859 1692 pieux‚
1880 1643 2055 1680 heureux
2068 1671 2079 1687 ‚

1170 1700 1374 1734 renomme
1394 1727 1403 1742 ‚
1434 1700 1720 1747 triomphateur
1738 1729 1749 1743 ‚
1777 1701 1957 1744 toujours
1999 1703 2080 1736 Au-

1172 1757 1296 1799 guste,
1320 1755 1341 1790 a
1359 1755 1396 1791 13
1411 1756 1592 1798 jeunesse
1610 1757 1711 1792 amie
1728 1755 1796 1792 des
1812 1755 1899 1798 lois,
1916 1755 2031 1791 salut.

1184 1889 1248 1935 La
1267 1890 1455 1949 majeste
1470 1889 1700 1950 imperiale
1715 1890 1811 1936 doit
1824 1889 2079 1937 s'entourer

1116 1962 1161 2002 et
1189 1957 1245 2002 de
1270 1957 1420 2003 l'eclat
1452 1958 1532 2004 des
1559 1971 1707 2004 armes
1732 1964 1778 2003 et
1808 1957 1866 2003 de
1890 1957 1931 2003 13
1955 1958 2078 2004 force

1116 2024 1196 2070 des
1222 2023 1304 2069 lois
1324 2060 1336 2080 ,
1369 2024 1455 2070 afin
1483 2025 1619 2084 qu'en
1646 2030 1742 2071 tout
1779 2031 1952 2084 tempS,
1989 2025 2078 2071 soit

1117 2091 1315 2151 pendant
1330 2092 1368 2137 13
1383 2106 1562 2151 guerre,
1582 2093 1668 2138 soit
1683 2091 1883 2152 pendant
1897 2092 1935 2137 la
1956 2092 2074 2152 paix,

1117 2148 1256 2204 l’Etat
1267 2160 1422 2219 puisse
1437 2161 1533 2206 etre
1548 2156 1649 2206 bien
1664 2159 1909 2218 gouverne,
1929 2165 2079 2218 etque

1119 2227 1158 2273 le
1181 2228 1337 2286 prince
1363 2241 1419 2272 ne
1437 2233 1555 2273 reste
1570 2241 1650 2287 pas
1673 2226 1924 2273 seulement
1943 2227 2076 2272 vain-

1118 2308 1262 2353 queur
1285 2294 1398 2340 dans
1425 2294 1490 2340 les
1520 2294 1723 2340 combats
1746 2331 1756 2349 ,
1783 2294 1897 2339 mais
1928 2294 2080 2340 ecarte

1118 2362 1242 2407 aussi
1260 2375 1341 2421 par
1363 2362 1428 2407 les
1445 2361 1566 2408 voies
1587 2362 1755 2419 legales
1781 2361 1846 2407 les
1867 2361 2081 2420 iniquites

1120 2429 1175 2473 de
1211 2428 1252 2472 la
1288 2428 1474 2474 chicane
1503 2446 1512 2474 ε
1541 2428 1758 2486 religieux
1784 2428 2080 2474 observateur

1120 2494 1176 2540 de
1223 2493 1261 2539 la
1299 2495 1491 2553 justice,
1540 2501 1584 2540 et
1630 2494 1958 2554 triomphateur
1996 2494 2081 2542 des

1121 2574 1324 2607 ennemis
1347 2575 1551 2607 vameus,

1194 2634 1251 2675 1.
1286 2628 1344 2674 Ce
1368 2628 1530 2675 double
1555 2628 1662 2685 but,
1691 2631 1716 2675 3
1739 2629 1859 2675 force
1890 2629 1947 2676 de
1979 2636 2080 2676 tra-

1121 2709 1241 2742 vaux
1264 2703 1309 2742 et
1331 2695 1387 2742 de
1412 2696 1550 2749 soins,
1579 2710 1688 2743 avec
1712 2696 1845 2742 l'aide
1869 2696 1926 2741 de
1945 2697 2077 2755 Dieu,

1122 2777 1237 2809 nous
1262 2763 1435 2810 l’avons
1455 2764 1631 2808 atteint.
1662 2764 1748 2809 Les
1770 2762 1945 2808 nations
1969 2763 2082 2809 bar-

1124 2831 1254 2876 bares
1286 2831 1484 2876 reduites
1521 2844 1627 2876 sous
1663 2837 1791 2876 notre
1822 2831 1932 2888 joug
1969 2844 2082 2876 con-

1125 2899 1328 2944 naissent
1353 2912 1433 2944 nos
1458 2897 1649 2957 exploits
1675 2898 1936 2956 guerriers;
1966 2911 2083 2944 nous

1126 2979 1180 3010 en
1217 2979 1356 3011 avons
1396 2978 1507 3024 pour
1546 2964 1736 3010 temoins
1775 2964 1998 3024 l'Asrique
2039 2971 2084 3011 et

1128 3039 1223 3078 tant
1261 3031 1461 3078 d'autres
1487 3031 1746 3090 provinces,
1783 3030 1995 3091 qu'apres
2021 3045 2084 3076 un

1127 3100 1165 3145 si
1192 3100 1297 3157 long
1322 3098 1572 3153 intervalle,
1599 3113 1680 3144 nos
1702 3099 1931 3152 victoires‚
1956 3098 2083 3144 bien-

1128 3167 1231 3212 faits
1254 3167 1309 3212 de
1333 3166 1374 3211 13
1400 3166 1647 3226 protection
1675 3166 1842 3220 divine,
1869 3172 1948 3211 ont
1974 3179 2084 3211 ren-

1128 3235 1240 3279 dues
1264 3237 1287 3279 3
1313 3234 1354 3279 13
1376 3234 1649 3279 domination
1673 3233 1870 3279 romaine
1888 3238 1932 3279 31
1955 3233 1981 3277 a
2005 3246 2085 3278 no-

1131 3309 1198 3347 tre
1231 3301 1411 3360 empire.
1451 3300 1580 3345 Enfin
1609 3337 1617 3354 ,
1653 3307 1752 3346 tous
1792 3313 1873 3345 nos
1898 3299 2085 3360 peuples

1131 3375 1232 3414 sont
1253 3367 1374 3426 regis
1397 3382 1478 3428 par
1494 3367 1574 3413 des
1601 3367 1683 3412 lois
1708 3380 1797 3426 que
1814 3380 1926 3412 nous
1945 3378 2087 3411 avons

1130 3450 1183 3481 ou
1209 3436 1525 3494 promulguees
1549 3448 1604 3480 ou
1628 3434 1764 3480 mises
1786 3447 1841 3479 en
1867 3433 2014 3479 ordre.

1202 3508 1259 3548 2.
1293 3504 1436 3563 Apres
1459 3501 1580 3548 avoir
1598 3502 1723 3561 place
1744 3501 1857 3546 dans
1875 3514 1962 3545 une
1985 3499 2088 3544 har⁴

1132 3573 1278 3618 monie
1310 3570 1498 3629 parfaite
1533 3569 1598 3617 les
1632 3569 1910 3615 institutions
1940 3565 2088 3626 impe-

1830 3648 1850 3683 ι
