2346 3952
774 257 943 299 lenn
988 256 1065 308 11,
1115 258 1280 298 'rime
1329 261 1377 299 x.

185 384 238 424 1.
304 371 491 424 Minus
549 381 730 421 autem
789 365 996 420 scilicet

102 447 242 524 juris
277 465 359 504 est
386 450 438 501 in
463 466 567 501 usu
591 462 755 520 quam
781 446 834 497 in
860 463 994 497 usu-

108 527 291 582 fructu
317 548 328 580 :
357 543 596 601 namque
629 524 674 576 is
711 524 804 598 qui
833 522 994 576 fundi

109 604 323 660 nudum
355 603 522 658 habet
549 620 735 666 usum,
760 599 894 653 nihil
920 599 995 654 ul-

110 686 276 737 terius
371 681 572 735 habere
671 678 994 752 intelligitur

109 781 278 837 quam
298 774 357 814 ut
382 757 643 825 oleribuS,
669 759 866 832 pomis,
891 755 995 810 flo-

111 838 290 900 ribus,
343 837 517 903 foen0‚
577 839 892 890 stramentis
941 847 992 889 et

110 915 268 994 lignis
304 915 373 969 ad
414 934 576 969 usum
604 912 991 990 quotidianum

110 998 313 1064 utatur.
357 996 421 1046 ln
461 1013 526 1046 eo
571 1012 794 1068 quoque
817 992 992 1046 fundo

105 1067 372 1126 Hactenus
413 1073 459 1125 ei
503 1073 704 1124 morari
747 1069 890 1139 licet,
933 1083 992 1125 ut

104 1154 285 1225 neque
304 1149 531 1203 ‹lomino
546 1149 704 1203 fundi
725 1148 992 1203 molestus

106 1230 202 1294 sit,
231 1247 411 1304 neque
442 1229 505 1281 iis
533 1247 631 1302 per
661 1248 801 1302 quos
827 1248 993 1302 opera

105 1307 310 1360 rustica
350 1305 520 1371 fiunt,
559 1305 992 1380 impedimento:

105 1403 206 1438 nec
242 1382 339 1436 ulli
371 1382 457 1436 alii
491 1381 584 1458 jus
611 1383 763 1458 quod
792 1383 959 1438 habet
979 1429 991 1452 ,

105 1475 202 1515 aut
243 1460 424 1516 locare
462 1476 559 1514 aut
612 1461 859 1516 vendere
898 1477 997 1517 aut

107 1541 273 1613 gratis
302 1538 604 1593 concedere
630 1553 838 1614 potest,
866 1561 992 1616 cum

108 1617 152 1670 is
197 1619 292 1693 qui
334 1617 747 1671 usumfructum
791 1617 991 1685 habet,

106 1708 287 1768 potest
306 1694 424 1749 haec
446 1715 534 1748 om
545 1699 631 1750 nia
658 1695 855 1751 facere.

181 1781 235 1825 2.
259 1777 394 1826 Item
415 1775 459 1826 is
482 1775 574 1847 qui
597 1772 802 1833 aedium
830 1795 995 1829 usum

106 1849 270 1905 habet
294 1895 307 1916 ,
358 1849 627 1905 hactenus
651 1848 745 1926 jus
789 1851 994 1908 habere

106 1927 430 2005 intelligitur
485 1943 546 1983 ut
602 1931 722 2004 ipse
777 1946 992 1986 tantum

107 2005 346 2071 habitet3
368 2025 470 2061 nec
488 2006 596 2063 hoc
615 2007 704 2083 jus
729 2008 798 2062 acl
821 2010 990 2065 alium

108 2083 404 2139 transferre
439 2099 654 2160 potest,
696 2101 750 2140 et
785 2091 875 2143 vix
912 2110 994 2143 re-

109 2177 329 2237 ceptum
363 2183 482 2220 esse
522 2165 739 2220 videtur
775 2180 837 2220 ut
871 2166 991 2222 hos-

108 2242 293 2315 pitem
307 2243 630 2317 ei2,recipere
659 2242 819 2298 liceat
846 2267 856 2298 :
894 2245 991 2300 sed

106 2339 229 2373 cum
254 2330 422 2374 uxore
436 2341 533 2375 sua
552 2321 842 2399 liberisque
856 2326 990 2390 suiS,

107 2400 236 2451 item
294 2395 502 2453 libertis
530 2441 542 2463 ‚
595 2420 815 2453 necnon
872 2402 991 2456 aliis

107 2473 292 2529 liberis
333 2478 584 2550 personis
630 2477 832 2554 quibus
878 2499 991 2533 non

107 2572 291 2607 minus
340 2574 508 2629 quam
564 2557 736 2609 servis
789 2559 990 2623 utitur,

105 2628 388 2684 habitandi
410 2630 503 2708 jus
542 2632 725 2688 habet.
765 2639 833 2688 Et
864 2655 992 2689 con·

111 2710 390 2763 venienter
403 2713 447 2764 si
461 2711 530 2765 ad
547 2710 837 2766 mulierem
857 2733 991 2768 usus

107 2786 307 2859 ae‘dium
332 2790 622 2864 pertineat,
646 2810 772 2844 cum
796 2794 992 2847 marito

107 2866 153 2918 ei
176 2862 424 2921 habitare
446 2867 589 2922 licet.

184 2952 238 2998 3.
269 2948 402 2998 Item
448 2948 492 3000 is
533 2945 598 2999 ad
643 2967 808 3023 quem
850 2951 990 3002 servi

108 3040 243 3075 usus
289 3026 549 3096 pertinet,
599 3026 717 3099 ipse
759 3041 993 3081 tantum·

107 3097 273 3154 modo
296 3104 477 3176 operis
498 3116 666 3179 atque
687 3107 992 3160 ministerio

51 3207 53 3209 ·
88 3174 228 3252 -ejus
253 3180 327 3232 uti
349 3188 557 3255 potest:
583 3181 652 3235 ad
670 3181 839 3236 alium
863 3203 991 3238 vero

107 3255 263 3310 nullo
298 3258 465 3313 modo
494 3259 585 3335 jus
623 3280 785 3314 suuni
819 3274 990 3317 trans-

108 3331 248 3411 ferre
270 3337 318 3399 ei
348 3355 672 3392 concessum
710 3353 808 3393 est.
837 3339 986 3394 Idem

110 3410 458 3487 scilicetjuris
475 3429 554 3470 est
570 3431 622 3470 et
636 3415 984 3491 injumentis.

186 3497 239 3545 lt.
271 3490 372 3544 Sed
412 3494 454 3546 si
494 3514 787 3570 pecorum,
820 3496 987 3553 veluti

113 3565 322 3630 ovium,
351 3589 484 3624 usus
523 3571 733 3643 legatus
772 3575 865 3638 sit,
894 3596 987 3628 ne-

1946 240 2061 302 287

1123 378 1172 418 l.
1208 363 1434 439 L’usage
1467 379 1548 419 est
1589 385 1663 419 un
1697 365 1843 419 droit
1879 367 2063 420 moins

1042 443 1243 497 etendu
1278 464 1386 520 que
1434 443 1722 497 l’usufruit.
1768 448 1847 497 En
1896 444 2061 508 effet,

1042 535 1162 575 tout
1178 543 1240 577 ce
1254 543 1363 601 que
1378 535 1592 599 permet
1613 522 1662 576 le
1681 521 1877 595 simple
1892 541 2063 597 usage

1043 599 1171 654 d'un
1206 600 1400 667 fonds,
1433 599 1565 656 c'est
1599 600 1667 654 de
1699 599 1938 676 prendre
1964 600 2062 655 des

1041 678 1291 753 legumes
1314 726 1326 748 ‚
1363 680 1459 734 des
1499 679 1657 732 fruits
1683 721 1695 745 ,
1732 677 1827 732 des
1854 677 2027 734 sseurs
2049 723 2062 746 ‚

1042 756 1118 810 du
1152 758 1298 825 foin,
1337 757 1413 811 du
1446 758 1708 831 fourrage
1742 770 1796 810 et
1833 756 1907 810 du
1941 757 2063 811 bois

1043 855 1188 908 pour
1215 837 1421 911 l'usage
1449 835 1758 912 quotidien‚
1776 849 1830 888 et
1852 837 1971 888 rien
1996 835 2064 889 de

1042 913 1188 989 plus.
1222 915 1485 989 L'usager
1525 927 1656 990 peut
1691 927 1863 968 rester
1895 934 1990 967 sur
2017 914 2065 968 le

1040 992 1227 1062 fonds,
1248 997 1384 1048 mais
1406 1013 1534 1047 sans
1558 1000 1731 1068 gener
1748 992 1798 1046 le
1822 996 2066 1068 proprie-

1045 1073 1179 1126 taire
1203 1087 1255 1126 et
1271 1092 1399 1126 sans
1416 1071 1715 1146 empecher
1734 1070 1811 1124 les
1832 1086 2064 1125 travaux

1043 1147 1477 1224 d'exploitation.
1515 1148 1555 1202 ll
1599 1170 1668 1203 ne
1702 1162 1838 1224 peut
1867 1149 2060 1216 louer‚

1046 1228 1250 1286 vendre
1272 1232 1327 1283 ni
1350 1228 1514 1283 ceder
1539 1231 1935 1303 gratuitement
1962 1248 2063 1282 son

1043 1305 1187 1361 droit
1223 1313 1253 1360 a
1299 1326 1608 1382 personne,
1654 1307 1899 1382 quoique
1940 1321 2064 1361 tout

1044 1386 1162 1439 cela
1188 1388 1293 1440 soit
1317 1387 1520 1461 permis
1548 1390 1575 1438 a
1600 1383 1979 1440 l'usufruitier.

1120 1783 1172 1829 2.
1199 1774 1464 1850 L'usager
1504 1774 1669 1830 d'une
1711 1781 1929 1832 maison
1971 1776 2058 1834 n'a

1042 1849 1252 1908 d'autre
1292 1854 1438 1908 droit
1469 1874 1580 1930 que
1612 1856 1756 1909 celui
1791 1855 2062 1912 d'habiter

1041 1931 1334 1990 lui-meme
1357 1976 1371 1997 ‚
1425 1952 1554 1988 saus
1607 1937 1840 2009 pouvoir
1880 1948 2059 1990 trans-

1043 2026 1238 2065 mettre
1279 2032 1340 2066 ce
1374 2010 1517 2065 droit
1554 2016 1583 2065 ἐι
1622 2034 1697 2066 un
1728 2017 1855 2067 tiers
1883 2035 1893 2066 ;
1926 2034 1997 2067 on
2029 2035 2058 2068 a

1040 2102 1163 2144 tout
1196 2111 1265 2144 au
1306 2089 1432 2164 plus
1469 2089 1649 2145 admis
1681 2112 1790 2167 que
1823 2090 2062 2167 l'usager

1041 2171 1291 2243 pourrait
1304 2170 1553 2223 recevoir
1570 2190 1649 2223 un
1669 2168 1819 2236 bote,
1843 2169 2060 2227 habiter

1040 2267 1175 2300 avec
1198 2266 1299 2300 son
1323 2250 1533 2322 epouse
1552 2292 1563 2312 ‚
1591 2268 1677 2302 ses
1703 2249 1940 2315 enfantS‚
1970 2270 2058 2305 555

1040 2324 1342 2379 affranchis
1402 2340 1455 2379 et
1506 2340 1689 2381 autres
1755 2347 2057 2404 personnes

1043 2402 1208 2458 libres
1232 2406 1325 2477 qui
1359 2404 1478 2457 font
1506 2404 1639 2458 cliez
1667 2405 1743 2459 lui
1772 2406 1822 2459 le
1850 2409 2057 2461 service

1042 2480 1136 2534 des
1162 2481 1424 2535 esclaves.
1451 2486 1518 2536 Et
1538 2487 2055 2558 consequemment‚

1041 2557 1091 2611 la
1117 2557 1319 2612 femme
1344 2563 1375 2612 ἐι
1397 2562 1492 2636 qui
1514 2563 1827 2635 appartient
1851 2560 2058 2638 l'usage

1040 2635 1204 2691 d'une
1225 2638 1440 2692 maison
1456 2681 1476 2707 ,ff
1492 2652 1626 2712 peut
1651 2637 1904 2695 l‘habiter
1924 2662 2057 2697 avec

1041 2734 1143 2770 son
1161 2736 1316 2770 mari.

1117 2961 1171 3006 3.
1212 2949 1473 3025 L⁷usager
1506 2949 1634 3005 (l'un
1677 2951 1893 3009 esclave
1919 2971 2055 3031 peut

1041 3028 1158 3082 seul
1184 3030 1410 3105 profiter
1435 3029 1503 3084 de
1542 3050 1640 3083 son
1666 3032 1858 3085 travail
1897 3050 1950 3088 et
1987 3035 2054 3090 de

1040 3127 1126 3161 ses
1161 3110 1425 3175 services3
1456 3109 1593 3161 mais
1623 3129 1692 3162 on
1719 3130 1787 3164 ne
1813 3109 1890 3165 lui
1929 3133 2051 3188 per-

1040 3200 1152 3240 met
1177 3206 1243 3240 en
1269 3206 1486 3240 aucune
1525 3190 1768 3242 maniere
1794 3187 1860 3242 de
1883 3204 2054 3245 trans-

1040 3265 1184 3319 ferer
1224 3283 1325 3318 son
1366 3263 1510 3318 droit
1538 3268 1568 3317 ὲ
1606 3286 1679 3319 un
1719 3269 1866 3322 tiers.
1905 3269 1948 3323 11
1981 3290 2048 3324 en

1039 3358 1122 3416 est
1164 3342 1230 3396 de
1271 3347 1454 3396 meme
1493 3363 1635 3418 pour
1673 3365 1784 3399 une
1821 3346 1946 3401 bete
1981 3348 2050 3402 de

1038 3441 1268 3476 somme.

1113 3511 1165 3557 [ι.
1192 3502 1437 3574 Lorsque
1468 3499 1671 3575 l’usage
1700 3521 1731 3554 a
1765 3505 1850 3557 ete
1891 3504 2048 3578 legue

1038 3597 1132 3630 sur
1175 3576 1270 3630 (155
1312 3577 1595 3643 ὴ55ῐὶ3ιιΧ,’
1632 3600 1729 3632 sur
1766 3580 1861 3633 des
1888 3602 2046 3635 mou-
