2346 3952
820 166 986 205 LIVRE
1029 166 1102 215 11,
1149 164 1326 209 'rt'ssffl-
1359 164 1434 204 M.

155 281 317 345 litum
339 278 498 333 divus
524 271 799 348 Trajanus
836 270 1048 335 Statilio

156 360 353 414 Severo
375 358 448 410 ita
471 351 747 427 rescripsit
772 371 782 402 :
816 374 836 396 «
858 348 918 402 ld
939 351 1047 422 pri-

158 435 416 509 vilegium
480 428 630 507 quod
683 426 1047 481 militantibus

158 513 350 568 datum
377 524 490 571 est,
529 521 590 562 ut
623 524 848 582 quoquo
880 503 1046 558 modo

155 590 300 648 facta
343 589 511 644 abiis
557 596 890 641 testamenta
932 596 1047 639 rata

161 671 292 734 sint,
318 669 397 722 sic
414 661 643 738 intelligi
666 661 846 726 debet,
872 674 933 714 ut
950 663 1046 713 uti·

158 767 269 824 que
324 747 478 821 prius
525 735 780 795 constare
851 737 1048 792 debeat

161 836 550 889 testamentum
612 818 820 889 factum
885 836 1006 870 esse
1032 860 1045 882 ‚

159 900 396 981 quodet
427 902 547 954 sine
574 898 844 970 scriptura
876 915 906 947 a
934 914 1046 948 non

161 977 521 1034 militantibus
538 994 762 1053 quoque
780 973 897 1027 fieri
923 986 1044 1046 pot·

159 1070 259 1112 est.
286 1061 338 1110 Is
361 1076 490 1130 ergo
510 1052 667 1110 miles
691 1051 758 1105 de
781 1049 939 1125 cujus
963 1050 1048 1104 bo-

158 1137 243 1191 nis
267 1133 416 1209 apud
443 1147 497 1186 te
522 1132 817 1210 quaeritur,
845 1131 888 1183 si
903 1149 1041 1182 ‘con-

159 1210 471 1279 vocatis-ad
497 1210 603 1265 hoc
634 1206 954 1265 hominibus
987 1219 1048 1260 ut

158 1290 498 1347 voluntatem
521 1307 691 1346 ,suam
729 1299 1044 1349 testaretur,

156 1371 233 1425 ita
266 1367 484 1424 locutus
522 1381 607 1421 est
644 1378 707 1419 ut
745 1362 1049 1418 declararet

155 1465 332 1522 quem
393 1444 555 1502 vellet
618 1441 722 1499 sibi
780 1440 1047 1497 heredem

160 1543 281 1580 esse
307 1567 318 1588 ,
351 1536 419 1577 -et
460 1524 550 1576 cui
593 1521 904 1585 libertatem
954 1521 1046 1572 tri-

159 1602 345 1667 buere,
373 1613 555 1676 potest
577 1599 747 1654 videri
765 1599 887 1654 sine
909 1599 1047 1650 scri-

159 1677 377 1755 ptovhoc
393 1676 560 1733 modo
576 1696 701 1742 esse
724 1690 803 1731 tes
813 1688 979 1741 tatus,
997 1688 1051 1729 et

159 1756 418 1812 voluntas
457 1753 578 1830 ejus
627 1768 742 1807 rata
795 1751 1047 1806 habenda

151 1848 258 1890 est.
286 1838 578 1899 -Ceterunu
604 1833 648 1886 si
689 1834 771 1901 (ut
797 1829 1047 1905 plerum-

155 1911 663 1988 quefsermonilms
715 1909 831 1962 fieri
879 1906 1049 1979 solet)

160 1989 298 2045 dixit
317 1988 483 2046 alicui
500 2010 549 2043 :a
569 1991 686 2061 Ego
713 2001 764 2040 te
791 1984 1047 2039 heredem

160 2067 319 2132 facio,
332 2093 352 2116 υ
368 2081 466 2121 aut
480 2091 501 2115 ιι
518 2070 664 2121 Bona
688 2084 808 2117 mea
839 2063 934 2121 tibi
961 2084 1049 2118 re-

162 2143 373 2221 linquo,
391 2169 417 2196 »
446 2163 559 2197 non
579 2155 800 2216 oportet
822 2140 929 2195 hoc
952 2162 1050 2215 pro

162 2236 493 2279 testamento
563 2221 873 2282 observari;
946 2239 1051 2274 nec

157 2299 403 2356 ullorum
427 2301 602 2374 magis
617 2301 860 2361 interest,
881 2317 1048 2373 qnam

159 2379 408 2451 ipsorum
424 2377 625 2454 quibus
637 2377 691 2428 id
703 2374 1048 2449 privilegium

161 2451 356 2511 datum
396 2470 502 2521 est,
546 2451 822 2528 ejusmodi
871 2472 1049 2504 exem-

163 2530 321 2606 plum
362 2552 469 2584 non
508 2526 741 2602 admitti.
791 2529 1048 2606 Alioquin

165 2630 274 2663 non
316 2608 612 2663 difficulter
650 2623 772 2683 post
815 2621 1050 2660 mortem

161 2686 399 2762 alicujus
428 2687 612 2740 militis
641 2700 806 2738 testes
847 2689 1043 2738 existe—

162 2780 310 2830 rent,
394 2766 448 2838 ui
486 2764 826 2826 affirmarent
859 2782 917 2815 se
948 2783 1048 2816 au-

161 2841 305 2906 disse
342 2785 616 2896 dicentem
642 2839 934 2917 'aliquem‚
965 2861 1051 2896 re-

161 2919 412 2996 linquere
451 2939 509 2973 se
554 2919 701 2974 bona
743 2921 830 2972 cui
870 2921 1049 2973 visum

165 2999 262 3060 sit,
297 3013 350 3052 et
393 3018 490 3074 per
526 2998 645 3060 hoc,
679 3017 808 3051 vera
843 2995 1050 3070 judicia

166 3074 633 3130 subverterentur.
671 3101 693 3124 υ

170 3310 176 3315 '
238 3316 293 3361 2.
338 3309 598 3380 Quinimo
653 3322 708 3363 et
763 3321 948 3363 mutus
1000 3323 1055 3363 et

90 3427 112 3449 ,
166 3383 364 3439 surdus
426 3386 583 3440 miles
654 3399 1050 3441 testamentum

165 3459 340 3516 facere
365 3476 560 3537 potest.

1996 147 2112 205 363

1096 282 1273 324 ments
1319 267 1600 323 militaires
1622 314 1634 334 ‚
1663 282 1718 322 et
1754 268 1978 323 adresse'
2017 289 2116 343 [iar

1098 346 1425 422 l'empereur
1450 344 1654 421 Trajan
1689 352 1715 399 ὲ
1750 346 1996 402 Statilius
2027 349 2115 402 St}-

1098 430 1239 491 vere⁷
1266 439 1347 479 est
1369 426 1506 478 ainsi
1531 445 1705 498 conon
1738 448 1748 479 :
1784 451 1802 472 c<
1837 430 1913 480 Le
1948 426 2113 500 privi-

1099 504 1214 578 lege
1251 502 1487 557 accordc
1521 523 1628 556 aux
1661 503 1944 557 niilitaires
1974 523 2114 577 pour

1095 580 1307 636 valider
1329 581 1380 635 le
1405 588 1704 634 testament
1740 602 1838 657 par
1873 601 1978 634 eux
2019 582 2116 634 fait

1096 680 1226 714 sous
1266 658 1507 735 quelque
1539 659 1715 714 forme
1749 680 1858 734 que
1893 679 1954 713 ce
1981 661 2111 724 soit,

1096 738 1213 792 doit
1231 745 1345 792 etre
1368 736 1610 791 entendu
1634 757 1698 791 en
1724 757 1785 791 ce
1808 757 1954 800 sens,
1983 735 2114 811 qu'il

1095 816 1210 870 faut
1236 813 1462 870 d'abord
1490 829 1769 870 constater
1805 815 1856 869 la
1888 816 2113 868 confec-

1098 894 1210 948 tion
1234 893 1365 948 d'un
1392 907 1700 958 testament,
1727 896 1822 969 qui
1846 907 1976 969 peut
1997 900 2115 948 etre

1095 973 1192 1025 fait
1215 992 1342 1026 sans
1363 975 1516 1036 e'crit,
1536 978 1718 1027 meme
1739 992 1841 1047 par
1860 992 2001 1026 ceux
2019 973 2114 1047 qui

1098 1071 1166 1103 ne
1194 1064 1320 1104 sont
1356 1070 1452 1124 pas
1481 1051 1784 1104 militen-es,
1815 1052 1866 1104 Si
1892 1049 2039 1104 (lonc
2063 1049 2115 1104 le

1097 1128 1351 1182 militaire
1386 1127 1523 1181 dont
1567 1128 1640 1182 les
1675 1128 1830 1182 biens
1855 1142 1982 1182 sont
2005 1127 2117 1180 dis-

1098 1202 1504 1281 putes'devant
1544 1226 1715 1271 vom,
1758 1210 1920 1281 apres
1965 1207 2119 1259 avoir

1098 1283 1399 1339 rassemble
1475 1284 1749 1359 plusieurs
1812 1302 2117 1359 personnes

1098 1383 1242 1437 pour
1280 1362 1401 1417 leur
1443 1361 1694 1418 declaret·
1745 1383 1807 1419 sa
1857 1362 2115 1427 volente,

1098 1439 1227 1494 s'est
1248 1442 1492 1515 exprime
1521 1440 1588 1495 de
1610 1441 1770 1514 facon
1795 1446 1824 1494 ἐι
1847 1442 1981 1495 faire
1997 1461 2120 1495 con·

1098 1524 1272 1572 naitre
1286 1516 1545 1575 l'be'ritier
1562 1517 1693 1594 qu'il
1716 1518 1919 1573 voulait
1939 1522 2115 1585 avoir,

1101 1596 1350 1658 l'esclave
1392 1596 1525 1673 qu'il
1566 1597 1825 1672 gratifiait
1865 1598 1933 1656 de
1976 1599 2026 1652 la
2062 1597 2119 1650 li·

1098 1674 1250 1729 berte
1272 1718 1287 1740 ,
1349 1695 1434 1732 on.
1483 1688 1621 1751 peut
1683 1674 1733 1732 le
1794 1677 2118 1731 consideret*

1098 1773 1316 1806 comme
1333 1768 1503 1829 ayunt
1517 1754 1614 1809 fait
1628 1752 1697 1808 de
1712 1770 1855 1809 cette
1872 1757 2117 1809 muniere

1100 1851 1173 1884 uu
1198 1845 1491 1886 testameut
1515 1831 1720 1898 vei-bal,
1740 1848 1793 1886 et
1812 1853 1871 1886 sa
1896 1833 2120 1887 volonte

1099 1907 1215 1966 doit
1245 1914 1362 1964 etre
1397 1910 1682 1965 observe'e.
1724 1916 1809 1966 Du
1838 1928 1983 1966 reste
2003 1956 2014 1977 ‚
2038 1912 2082 1964 si
2104 1954 2118 1976 ,

1097 2007 1315 2041 comme
1336 1986 1373 2042 il
1394 1991 1572 2042 arrive
1609 1989 1775 2065 quelq
1786 1990 1956 2044 uefois
1979 1989 2118 2043 daus

1100 2064 1148 2118 la
1191 2069 1575 2121 conversation
1598 2110 1610 2130 ,
1646 2066 1680 2121 il
1723 2089 1754 2122 a
1791 2067 1871 2123 dit
1899 2073 1931 2137 ὲ
1965 2067 2120 2144 quel-

1100 2141 1266 2217 qu'un
1309 2166 1319 2198 ;
1366 2169 1387 2193 κ
1432 2149 1498 2200 Jc
1535 2166 1671 2199 vous
1716 2148 1941 2200 institue
1986 2167 2116 2200 mon

1103 2220 1343 2287 he'ritier5
1365 2223 1472 2275 »ou
1492 2245 1502 2276 z
1526 2249 1545 2272 a
1565 2228 1630 2279 Je
1652 2245 1789 2278 vous
1814 2224 1974 2279 luisse
2001 2244 2116 2279 mes

1099 2299 1256 2353 biens
1291 2326 1311 2349 υ
1342 2342 1355 2365 ,
1396 2295 1705 2376 οθ,ρι·ορο”5
1749 2323 1818 2356 ne
1860 2303 1976 2357 doit
2017 2323 2116 2376 pas

1101 2376 1322 2431 obtenir
1347 2376 1515 2433 l’effet
1553 2379 1678 2433 ‹l'un
1718 2395 2035 2446 testanient,
2065 2397 2117 2436 et

1104 2474 1378 2527 personne
1403 2454 1543 2509 n'est
1567 2456 1699 2530 plus
1718 2459 1987 2517 interesse
2010 2479 2119 2534 que

1100 2552 1239 2585 ceux
1263 2535 1356 2608 qui
1371 2530 1646 2611 jouissent
1660 2533 1732 2587 du
1754 2535 1932 2590 susdit
1957 2538 2120 2611 privi—

1102 2609 1244 2684 lege,
1285 2615 1317 2663 ἐι
1354 2631 1415 2665 ce
1450 2611 1612 2687 qu'on
1646 2611 1942 2668 n'admette
1963 2618 2120 2691 point

1104 2708 1174 2741 un
1212 2688 1384 2762 pareil
1418 2690 1689 2765 exemple.
1722 2695 2048 2747 Autrement
2081 2693 2118 2746 il

1103 2785 1167 2818 ne
1212 2769 1377 2820 serait
1416 2786 1515 2843 pas
1565 2767 1817 2834 difficile,
1859 2776 2021 2844 apres
2066 2771 2118 2824 la

1103 2858 1246 2901 mort
1289 2842 1416 2901 d'un
1461 2846 1746 2910 militaire,
1787 2847 1854 2900 de
1896 2863 2120 2907 trouver

1100 2920 1197 2975 des
1226 2925 1461 2981 temoins
1492 2923 1775 2978 affirmant
1811 2925 1998 2981 l'avoir
2026 2947 2118 2981 en-

1104 2999 1271 3054 tendu
1297 3000 1414 3054 dire
1449 3000 1581 3077 qii'il
1615 3001 1822 3057 laissait
1861 3023 1961 3058 son
1992 3004 2115 3063 bien

1100 3082 1132 3130 ὲ
1185 3077 1312 3132 telle
1358 3099 1633 3155 personne
1683 3101 1790 3156 que
1837 3082 1945 3135 bon
1999 3083 2120 3137 leur

1101 3154 1311 3209 semble
1335 3200 1346 3220 ‚
1373 3177 1434 3210 ce
1456 3160 1546 3232 qui
1582 3157 1876 3214 fausserait
1912 3161 1988 3215 les
2026 3164 2116 3215 ve-

1101 3232 1325 3286 ritables
1348 3236 1647 3289 intentions
1670 3235 1741 3289 du
1770 3237 1982 3292 defunt.
2012 3265 2031 3287 υ

1176 3321 1229 3365 2.
1262 3312 1388 3364 Bien
1408 3311 1555 3385 plus,
1578 3334 1649 3366 un
1674 3313 1926 3370 militaire
1947 3314 2115 3370 sourd

1101 3402 1154 3442 et
1174 3403 1328 3443 muet
1346 3405 1478 3465 peut
1499 3390 1633 3446 faire
1657 3413 1731 3447 un
1757 3406 2072 3448 testament.
