2346 3952
782 212 944 254 LIVRE
990 212 1061 264 ΙΙ,
1109 210 1276 252 TJTRE
1323 210 1357 251 1.

118 331 235 395 tati,
256 345 424 405 quam
439 322 778 379 voluntatem
796 319 1005 375 domini

117 407 349 463 volentis
394 421 704 459 renisuam
741 401 793 453 in
831 399 1003 454 alium

119 485 440 550 transferre,
464 496 635 536 ratam
663 478 868 532 haberi.

186 625 243 673 Et
266 623 364 670 ideo
391 622 714 682 cujuscumque
742 618 922 678 generis
947 618 1006 665 sit

121 683 361 753 corporalis
381 702 469 744 reS,
485 683 601 734 'tradi
627 694 788 748 potest,
810 693 854 733 et
873 700 898 731 a
923 686 1006 732 do—

121 760 241 807 mino
276 757 433 804 tradita
464 756 684 802 alienatur
712 772 721 800 :
746 756 896 815 itaque
929 755 1006 799 sti-

120 825 347 892 pendiaria
369 837 545 885 quoque
564 830 607 869 et
633 823 867 869 tributaria
893 835 1007 882 prae-

120 888 193 941 dia
216 891 370 940 eodem
393 893 525 937 modo
545 890 812 937 alienantur.
836 891 1007 937 Vocan-

120 963 202 1009 ευτ’
218 966 366 1006 autem
391 958 679 1019 stipendiaria
704 964 749 1004 et
773 957 1005 1003 tributaria

119 1027 302 1089 praedia,
324 1039 427 1085 quae
448 1028 491 1073 in
520 1026 760 1086 provinciis
783 1032 890 1072 sunt
911 1042 919 1070 :
941 1026 1008 1070 in-

120 1101 189 1141 ter
213 1107 314 1154 quae
345 1107 428 1140 nec
452 1108 539 1140 non
572 1100 620 1140 et
642 1093 792 1140 italica
816 1094 1001 1153 praedia‚

120 1168 361 1218 exonostra
397 1162 741 1216 constitutione,
778 1161 901 1207 nulla
938 1168 1008 1206 est

119 1228 394 1294 qifferentia3
420 1230 497 1276 sed
520 1229 557 1275 si
580 1229 760 1288 quidem
785 1243 841 1274 ex
872 1241 1006 1275 causa
1027 1242 1032 1298 Ι

58 1302 61 1304 ’
120 1295 370 1357 donationis
387 1304 464 1343 aut
484 1296 600 1343 (lotis
616 1304 693 1342 aut
709 1295 910 1352 qualibet
923 1296 1008 1341 alia

122 1366 176 1409 e‘x
187 1369 324 1411 'causa
337 1364 589 1426 tradantur,
607 1364 704 1410 sine
718 1364 852 1410 dubio
867 1370 1011 1409 trans-

121 1427 343 1478 feruntur.
366 1426 370 1430 ⁴
387 1427 390 1430 ’
441 1428 445 1433 “

201 1567 294 1614 41.
345 1554 597 1611 Venditae
642 1577 774 1611 vero
818 1576 906 1611 res
960 1571 1013 1610 et

125 1633 340 1688 traditae
384 1655 497 1688 non
557 1634 713 1690 aliter
775 1637 1010 1710 emptori

122 1709 519 1788 adquiruntur,
547 1733 715 1790 quarn
740 1715 783 1766 si
807 1715 851 1768 is
879 1734 1012 1768 ven-

121 1789 287 1866 ditori
330 1789 566 1867 pretium
616 1791 875 1861 solverit,
928 1792 1011 1846 vel

121 1867 231 1926 alio
263 1869 429 1927 modo
460 1872 509 1926 ei
540 1871 882 1937 satisfecerit,
919 1891 1012 1925 ve-

108 1943 224 2020 luti
240 1951 646 2024 expromissore
667 1964 761 2004 aut
784 1952 1015 2026 pignore

127 2022 274 2091 datoss
316 2026 485 2098 Quod.
519 2043 743 2082 cavetur
787 2030 1012 2105 quidem

128 2102 431 2182 eti-amlege
454 2105 761 2161 Duodecim
784 2108 1019 2162 Tabula·

112 2201 274 2247 rum,
317 2196 500 2238 tamen
542 2199 689 2240 recte
729 2183 927 2240 dicitur
963 2206 1017 2243 et

122 2257 248 2338 jure
273 2264 542 2336 gentium,
569 2262 623 2317 id
645 2277 744 2329 est,
766 2261 1014 2338 jurene-

125 2337 291 2413 turali
326 2337 382 2393 id
414 2340 576 2397 effici.
612 2342 715 2396 Sed
751 2346 796 2397 si
837 2346 880 2413 is
922 2348 1014 2420 qui

125 2415 564 2483 vendidinfidern
581 2423 839 2496 emptoris
862 2441 1016 2475 secu-

129 2507 218 2547 tus
251 2507 353 2560 est,
383 2496 682 2554 dicendum
722 2514 805 2552 est
834 2501 1017 2554 statim

126 2590 248 2629 rem
271 2579 535 2649 emptoris
558 2577 691 2632 fieri.

202 2660 295 2710 42.
342 2652 490 2708 Nihil
527 2670 715 2711 auten]
755 2658 979 2712 interest
1002 2702 1014 2724 ‚

126 2742 314 2785 utrum
364 2733 482 2807 ipse
526 2733 783 2790 dominus
840 2739 1016 2791 tradat

103 2809 288 2865 &alicui
319 2830 455 2877 rem,
485 2833 554 2868 an
577 2813 861 2870 voluntate
896 2814 1014 2892 ejus

107 2883 284 2943 nlius,

127 2986 130 2988 ’
205 2973 297 3023 43„
317 2971 463 3040 ·Qua
490 2973 701 3027 ratione
722 3015 735 3040 ,
761 2975 807 3028 si
831 2977 918 3028 cui
947 2974 1012 3029 li-

0 3072 1 3124 5
124 3037 260 3096 bera
270 3049 651 3108 universorum
666 3055 1016 3125 negotiorum

0 3125 1 3148 ¹
128 3117 531 3182 administratio
563 3150 594 3182 a
624 3129 850 3185 domino
886 3154 1018 3209 per-·

128 3199 298 3254 missa
325 3201 503 3271 fuerit,
521 3208 678 3284 isque
713 3230 778 3263 ex
813 3209 899 3266 his
930 3235 1018 3268 ne·

95 3278 289 3358 --gotiis
311 3299 427 3336 rem
444 3284 752 3341 vendiderit
774 3303 827 3342 et
853 3292 1011 3346 tradi·

51 3412 78 3442 ³
96 3375 113 3410 ³:
128 3350 288 3424 derit,
308 3357 442 3415 facit
465 3382 588 3420 eam
609 3368 944 3442 accipientis.

192 3443 300 3521 44.
350 3440 636 3498 Interdum
684 3448 851 3503 etiam
900 3451 1017 3505 sine

134 3507 420 3577 traditione
450 3520 598 3576 nuda
621 3522 879 3580 voluntas
911 3526 1013 3583 do-

1948 191 2067 247 ‘2¹:23

1053 319 1219 374 chose
1240 323 1269 371 a
1292 319 1494 384 nutrui,
1525 318 1655 393 quoi
1699 314 1769 370 de
1797 314 1925 390 plus
1966 334 2068 368 na-

1053 396 1194 453 turel
1212 410 1264 451 et
1290 396 1357 450 de
1390 396 1515 473 plus
1542 394 1821 472 equitable
1852 413 1959 471 que
1999 391 2068 446 de

1052 475 1351 532 confirmer
1372 496 1429 530 sa
1453 474 1693 529 volonte.

1119 614 1181 662 Le
1216 613 1509 675 proprietaire
1540 620 1650 675 peut
1679 613 1798 660 donc
1818 612 1954 660 livrer
1973 649 1986 669 ‚
2022 617 2069 659 et

1052 696 1133 742 par
1147 683 1189 728 la
1206 683 1415 733 tradition
1434 683 1542 742 qu'il
1556 698 1611 729 en
1627 682 1722 734 fait,
1738 682 1906 728 aliener
1924 687 2070 727 toutes

1054 751 1117 797 les
1135 752 1294 797 choses
1311 750 1579 810 corporelles
1598 750 2002 802 indistinctement,
2029 754 2073 794 et

1054 833 1134 879 par
1164 820 1440 879 consequent
1472 819 1595 865 aussi
1634 818 1699 864 les
1740 817 1870 863 fonds
1903 817 2074 875 stipen-

1053 887 1216 932 diaires
1254 895 1298 933 et
1332 887 1606 934 tributaires.
1649 885 1718 931 On
1751 883 1926 945 appelle
1958 883 2074 929 ainsi

1053 954 1117 1001 les
1133 955 1261 1001 fonds
1280 954 1422 999 situes
1439 947 1551 1001 dens
1578 955 1642 1000 les
1667 954 1904 1014 provinces
1926 968 1935 1004 ς
1958 951 2072 996 mais

1054 1036 1140 1068 une
1156 1023 1212 1068 de
1227 1036 1306 1068 nos
1321 1024 1637 1068 constitutions
1656 1036 1681 1067 a
1707 1019 1939 1081 supprime
1954 1024 2075 1065 toute

1052 1089 1293 1136 difference
1307 1096 1435 1136 entre
1448 1105 1525 1136 ces
1540 1090 1669 1135 biens
1686 1096 1730 1134 et
1745 1103 1859 1135 ceux
1875 1086 2070 1140 d'ltalie,

1054 1165 1098 1204 et
1125 1157 1166 1202 la
1194 1157 1402 1204 tradition
1436 1159 1570 1218 qu'on
1603 1172 1657 1203 en
1694 1157 1798 1210 fait,
1840 1158 1864 1200 a
1894 1157 1996 1200 titre
2019 1153 2076 1199 de

1053 1225 1263 1271 donation
1287 1262 1300 1283 ,
1325 1225 1381 1270 de
1405 1226 1506 1280 dot,
1537 1240 1592 1272 ou
1619 1227 1642 1270 a
1669 1231 1765 1269 tout
1784 1230 1912 1269 autre
1938 1222 2070 1273 titre,

1055 1293 1276 1349 transfere
1312 1292 1719 1340 indubitablement
1756 1291 1795 1337 la
1830 1288 2071 1352 propriete.

1138 1567 1230 1614 41.
1270 1557 1559 1612 Toutefois
1596 1554 1677 1610 les
1708 1553 1915 1611 choses
1947 1574 2074 1610 ven-

1061 1631 1199 1687 dues
1226 1650 1278 1689 et
1303 1635 1500 1690 livrees
1525 1655 1594 1689 ne
1618 1650 1744 1689 sont
1770 1635 2023 1710 acquises
2048 1636 2079 1687 a

1061 1709 1362 1769 l’acheteur
1385 1734 1494 1792 que
1518 1711 1766 1789 lorsqu'il
1806 1732 1837 1766 a
1865 1715 2007 1789 paye
2029 1711 2079 1765 le

1061 1793 1183 1867 prix
1221 1813 1294 1847 ou
1345 1792 1577 1848 satisfait
1621 1791 1673 1845 le
1717 1790 1971 1846 vendeul*
2010 1789 2079 1844 de

1062 1884 1213 1925 toute
1231 1887 1390 1927 autre
1410 1873 1672 1937 maniere,
1686 1890 1788 1946 par
1802 1867 2075 1946 exemple‚

1062 1969 1130 2003 en
1160 1948 1410 2006 donnant
1446 1971 1522 2005 un
1545 1953 1887 2026 expromissor
1906 1969 1979 2003 ou
2004 1969 2079 2004 un

1063 2049 1214 2103 gage
1239 2033 1317 2084 La
1338 2030 1409 2084 loi
1439 2030 1536 2085 des
1572 2035 1760 2084 Douze
1786 2027 1992 2084 Tables
2030 2026 2083 2081 le

1062 2108 1258 2164 decide
1279 2111 1445 2177 ainsi3
1470 2123 1523 2164 et
1546 2106 1864 2184 cependant
1889 2128 1959 2162 on
1991 2105 2082 2161 de-

1063 2185 1208 2246 clare
1231 2208 1365 2244 avec
1386 2191 1592 2254 raison,
1616 2208 1726 2264 que
1748 2203 1888 2241 cette
1934 2184 2082 2263 regle

1064 2267 1215 2320 vient
1247 2265 1321 2321 du
1358 2268 1504 2322 'droit
1546 2267 1642 2322 des
1686 2286 1842 2340 gene„
1871 2264 2084 2323 c'estuii-

1064 2342 1183 2398 dire
1206 2345 1280 2399 du
1305 2346 1451 2400 droit
1488 2345 1728 2408 naturel.
1757 2349 2008 2421 Lorsque
2036 2342 2083 2396 le
2146 2366 2155 2375 ⁴

1066 2423 1468 2478 vendeurs'est
1506 2424 1575 2477 fie'
1614 2429 1645 2476 a
1690 2422 2016 2490 rochetem,
2045 2420 2079 2475 il

1066 2500 1185 2555 faut
1210 2500 1330 2556 dire
1352 2523 1460 2580 que
1489 2501 1540 2556 la
1582 2500 1750 2556 chose
1773 2500 1849 2555 lui
1877 2517 1958 2556 est
1984 2503 2084 2556 im-

1067 2578 1462 2635 mediatement
1483 2582 1725 2656 acquise.

1142 2667 1234 2717 42.
1284 2659 1329 2714 Il
1375 2676 1460 2715 est
1514 2660 1836 2719 indifferent
1880 2680 1990 2737 que
2030 2659 2082 2714 la

1065 2735 1230 2792 chose
1244 2741 1350 2793 soit
1362 2738 1527 2794 livree
1544 2737 1704 2816 parle
1718 2740 2081 2814 proprietaire

1065 2815 1363 2883 lui-meme,
1377 2838 1450 2873 ou
1470 2839 1569 2894 par
1583 2815 1823 2871 d’autres
1838 2819 2082 2891 agissant

1064 2895 1278 2971 d'apres
1298 2916 1358 2951 sa
1384 2898 1626 2952 volonte.

1139 2984 1235 3032 [ιδ.
1267 2978 1436 3041 Ainsi‚
1460 2973 1742 3056 lorsqu'on
1769 2996 1799 3030 a
1823 2976 2006 3032 confie
2029 2974 2081 3030 la

1067 3050 1204 3128 libre
1225 3053 1671 3108 administration
1697 3053 1767 3109 de
1788 3069 1971 3111 tontes
1994 3074 2082 3109 ses

1066 3131 1285 3187 affaires
1307 3137 1338 3186 a
1371 3154 1484 3187 une
1510 3152 1788 3208 personne
1809 3177 1822 3201 ,
1851 3133 2079 3199 celle-ci,

1067 3230 1136 3264 en
1160 3211 1404 3265 vendant
1446 3227 1499 3265 et
1538 3211 1741 3267 livrant
1780 3212 1860 3268 les
1905 3212 2083 3284 objets

1066 3291 1310 3365 compris
1333 3289 1472 3345 dans
1492 3310 1594 3347 son
1614 3290 2079 3356 administrationi,

1066 3368 1336 3423 transfere
1362 3368 1413 3423 la
1437 3372 1737 3445 propriete.

1144 3458 1239 3504 44.
1262 3446 1628 3524 Quelquefois
1671 3449 1720 3502 la
1756 3446 1953 3523 simple
1988 3467 2082 3500 vo-

1065 3523 1216 3580 lonte
1231 3525 1307 3580 du
1329 3529 1688 3602 proprietaire
1706 3527 1875 3593 suffit,
1900 3530 2081 3580 meme
